Store,Category,Item,Price,Stock,Last_Updated,Weight_grams,Price_per_100g,Price_squared,Stock_squared,Weight_grams_squared,Price_per_100g_squared
No Frills,Household,Toilet Paper,19.08,97,03/07/2025,,,364.04639999999995,9409,,
Walmart,Bakery,Bagel,6.86,99,18/06/2025,,,47.0596,9801,,
Costco,Household,Toilet Paper,15.97,16,06/07/2025,,,255.04090000000002,256,,
Costco,Beverages,Water,4.69,40,13/07/2025,,,21.996100000000002,1600,,
Walmart,Fruits,Orange,4.03,64,05/07/2025,739.65,0.54,16.240900000000003,4096,547082.1224999999,0.2916
No Frills,Snacks,Chips,14.63,5,25/06/2025,,,214.03690000000003,25,,
Food Basics,Bakery,Muffin,4.27,81,22/06/2025,,,18.232899999999997,6561,,
Food Basics,Dairy,Milk,5.77,55,14/07/2025,,,33.292899999999996,3025,,
No Frills,Vegetables,Potato,12.9,64,19/06/2025,814.61,1.58,166.41,4096,663589.4521,2.4964000000000004
Costco,Bakery,Croissant,17.76,92,14/07/2025,,,315.41760000000005,8464,,
Costco,Fruits,Apple,1.58,62,01/07/2025,1623.91,0.1,2.4964000000000004,3844,2637083.6881000004,0.010000000000000002
Walmart,Fruits,Orange,19.97,48,29/06/2025,1579.99,1.26,398.80089999999996,2304,2496368.4001,1.5876000000000001
Costco,Dairy,Butter,12.17,59,01/07/2025,1673.99,0.73,148.1089,3481,2802242.5201,0.5328999999999999
No Frills,Snacks,Crackers,18.86,46,23/06/2025,,,355.6996,2116,,
Walmart,Meat,Beef,1.31,16,05/07/2025,1672.42,0.08,1.7161000000000002,256,2796988.6564,0.0064
No Frills,Bakery,Croissant,19.89,68,10/07/2025,,,395.6121,4624,,
No Frills,Beverages,Tea,14.71,32,17/07/2025,,,216.38410000000002,1024,,
No Frills,Household,Soap,5.6,35,10/07/2025,,,31.359999999999996,1225,,
Food Basics,Household,Tissue,13.08,32,30/06/2025,,,171.0864,1024,,
Walmart,Snacks,Cookies,4.42,37,16/07/2025,,,19.5364,1369,,
Costco,Meat,Beef,17.96,26,26/06/2025,1649.64,1.09,322.56160000000006,676,2721312.1296,1.1881000000000002
No Frills,Beverages,Soda,6.41,88,24/06/2025,,,41.088100000000004,7744,,
Food Basics,Beverages,Water,1.62,10,06/07/2025,,,2.6244000000000005,100,,
No Frills,Vegetables,Carrot,7.29,35,21/06/2025,1839.67,0.4,53.1441,1225,3384385.7089000004,0.16000000000000003
Walmart,Vegetables,Potato,13.01,55,08/07/2025,874.48,1.49,169.2601,3025,764715.2704,2.2201
Walmart,Bakery,Bread,14.37,80,16/07/2025,,,206.49689999999998,6400,,
Costco,Vegetables,Tomato,17.76,65,13/07/2025,1590.05,1.12,315.41760000000005,4225,2528259.0025,1.2544000000000002
Walmart,Snacks,Crackers,14.69,40,17/07/2025,,,215.7961,1600,,
Walmart,Dairy,Milk,19.14,13,15/07/2025,,,366.3396,169,,
No Frills,Meat,Chicken,12.34,71,30/06/2025,1292.27,0.95,152.2756,5041,1669961.7529,0.9025
Costco,Household,Tissue,17.0,38,13/07/2025,,,289.0,1444,,
Costco,Snacks,Nuts,17.22,42,06/07/2025,1505.03,1.14,296.5284,1764,2265115.3009,1.2995999999999999
Walmart,Snacks,Crackers,1.63,75,28/06/2025,,,2.6569,5625,,
No Frills,Vegetables,Tomato,11.3,45,21/06/2025,731.76,1.54,127.69000000000001,2025,535472.6976,2.3716
Food Basics,Meat,Fish,1.92,78,23/06/2025,981.04,0.2,3.6864,6084,962439.4815999999,0.04000000000000001
No Frills,Dairy,Butter,3.57,54,07/07/2025,721.4,0.49,12.7449,2916,520417.95999999996,0.24009999999999998
Food Basics,Meat,Chicken,2.41,90,06/07/2025,950.21,0.25,5.8081000000000005,8100,902899.0441,0.0625
Walmart,Dairy,Milk,6.99,54,22/06/2025,,,48.8601,2916,,
Food Basics,Snacks,Cookies,5.66,99,05/07/2025,,,32.0356,9801,,
Food Basics,Bakery,Bread,12.61,55,20/06/2025,,,159.01209999999998,3025,,
No Frills,Household,Tissue,3.61,82,22/06/2025,,,13.0321,6724,,
Walmart,Vegetables,Onion,16.15,10,20/06/2025,1274.68,1.27,260.82249999999993,100,1624809.1024000002,1.6129
Costco,Vegetables,Potato,12.29,93,02/07/2025,1351.97,0.91,151.0441,8649,1827822.8809,0.8281000000000001
Costco,Fruits,Grapes,19.93,23,19/06/2025,1120.35,1.78,397.2049,529,1255184.1224999998,3.1684
Costco,Household,Soap,19.41,57,16/07/2025,,,376.7481,3249,,
Walmart,Dairy,Cheese,18.27,70,05/07/2025,1483.49,1.23,333.7929,4900,2200742.5801,1.5129
No Frills,Bakery,Croissant,2.73,87,12/07/2025,,,7.4529,7569,,
Food Basics,Vegetables,Tomato,14.77,65,05/07/2025,1108.16,1.33,218.1529,4225,1228018.5856,1.7689000000000001
Food Basics,Bakery,Bread,8.08,63,20/06/2025,,,65.2864,3969,,
Costco,Vegetables,Onion,6.61,86,24/06/2025,1949.54,0.34,43.6921,7396,3800706.2116,0.11560000000000002
Walmart,Beverages,Soda,12.93,92,04/07/2025,,,167.1849,8464,,
Walmart,Vegetables,Onion,17.19,5,18/06/2025,1133.42,1.52,295.49610000000007,25,1284640.8964000002,2.3104
Walmart,Snacks,Crackers,8.02,73,17/06/2025,,,64.32039999999999,5329,,
Walmart,Meat,Fish,13.05,94,30/06/2025,462.42,2.82,170.3025,8836,213832.2564,7.952399999999999
Costco,Meat,Pork,12.3,80,11/07/2025,502.38,2.45,151.29000000000002,6400,252385.6644,6.002500000000001
Walmart,Beverages,Tea,18.85,32,01/07/2025,,,355.32250000000005,1024,,
No Frills,Fruits,Orange,13.11,66,24/06/2025,1909.78,0.69,171.8721,4356,3647259.6484,0.4760999999999999
Walmart,Bakery,Muffin,2.05,37,24/06/2025,,,4.2025,1369,,
No Frills,Beverages,Water,4.94,48,09/07/2025,,,24.403600000000004,2304,,
Costco,Vegetables,Tomato,8.8,20,06/07/2025,1104.23,0.8,77.44000000000001,400,1219323.8929,0.6400000000000001
Walmart,Household,Soap,8.65,69,26/06/2025,,,74.8225,4761,,
Walmart,Bakery,Bread,13.17,80,25/06/2025,,,173.4489,6400,,
Walmart,Snacks,Crackers,10.82,53,01/07/2025,,,117.0724,2809,,
Walmart,Dairy,Yogurt,5.66,49,29/06/2025,,,32.0356,2401,,
Walmart,Snacks,Chips,1.83,43,03/07/2025,,,3.3489000000000004,1849,,
Costco,Bakery,Croissant,12.09,8,16/07/2025,,,146.1681,64,,
Walmart,Meat,Beef,19.97,56,17/07/2025,989.54,2.02,398.80089999999996,3136,979189.4115999999,4.0804
Walmart,Snacks,Nuts,11.21,72,16/07/2025,791.94,1.42,125.66410000000002,5184,627168.9636000001,2.0164
No Frills,Bakery,Muffin,4.28,2,08/07/2025,,,18.3184,4,,
Food Basics,Beverages,Water,3.7,76,12/07/2025,,,13.690000000000001,5776,,
Food Basics,Dairy,Milk,13.62,36,01/07/2025,,,185.50439999999998,1296,,
Food Basics,Beverages,Juice,8.19,29,28/06/2025,,,67.0761,841,,
No Frills,Beverages,Water,8.96,44,06/07/2025,,,80.28160000000001,1936,,
Food Basics,Snacks,Nuts,3.9,74,17/06/2025,1363.89,0.29,15.209999999999999,5476,1860195.9321000003,0.0841
Food Basics,Bakery,Bagel,1.03,3,15/07/2025,,,1.0609,9,,
No Frills,Vegetables,Potato,10.68,4,28/06/2025,1503.05,0.71,114.0624,16,2259159.3024999998,0.5041
No Frills,Meat,Fish,12.41,40,17/06/2025,477.21,2.6,154.0081,1600,227729.38409999997,6.760000000000001
Food Basics,Bakery,Croissant,17.15,62,05/07/2025,,,294.12249999999995,3844,,
Walmart,Snacks,Cookies,4.19,40,18/06/2025,,,17.556100000000004,1600,,
Food Basics,Snacks,Cookies,12.91,99,24/06/2025,,,166.6681,9801,,
Walmart,Fruits,Grapes,1.46,99,22/06/2025,1675.44,0.09,2.1315999999999997,9801,2807099.1936000003,0.0081
Costco,Meat,Chicken,19.54,31,10/07/2025,1589.12,1.23,381.81159999999994,961,2525302.3743999996,1.5129
Food Basics,Household,Toilet Paper,17.55,55,26/06/2025,,,308.0025,3025,,
Walmart,Household,Tissue,6.7,16,23/06/2025,,,44.89,256,,
Food Basics,Bakery,Bagel,7.91,63,30/06/2025,,,62.5681,3969,,
Walmart,Snacks,Crackers,14.81,16,09/07/2025,,,219.33610000000002,256,,
Food Basics,Fruits,Apple,14.8,58,21/06/2025,426.41,3.47,219.04000000000002,3364,181825.48810000002,12.0409
Costco,Vegetables,Tomato,18.11,73,27/06/2025,881.52,2.05,327.97209999999995,5329,777077.5103999999,4.2025
Costco,Dairy,Butter,7.16,8,17/07/2025,1128.83,0.63,51.2656,64,1274257.1689,0.39690000000000003
Food Basics,Beverages,Juice,17.64,49,28/06/2025,,,311.1696,2401,,
Costco,Beverages,Juice,4.34,40,20/06/2025,,,18.8356,1600,,
Costco,Beverages,Water,4.11,14,16/07/2025,,,16.892100000000003,196,,
Costco,Beverages,Soda,10.23,4,16/07/2025,,,104.6529,16,,
No Frills,Bakery,Bagel,12.47,96,13/07/2025,,,155.50090000000003,9216,,
Costco,Vegetables,Potato,8.61,8,16/07/2025,1811.95,0.48,74.1321,64,3283162.8025,0.2304
No Frills,Beverages,Tea,19.67,91,11/07/2025,,,386.9089000000001,8281,,
Walmart,Bakery,Bread,6.35,62,10/07/2025,,,40.3225,3844,,
Food Basics,Meat,Chicken,3.8,63,18/06/2025,927.39,0.41,14.44,3969,860052.2121,0.16809999999999997
Food Basics,Meat,Pork,11.61,90,22/06/2025,1576.07,0.74,134.79209999999998,8100,2483996.6448999997,0.5476
Costco,Fruits,Banana,13.73,11,14/07/2025,1311.2,1.05,188.5129,121,1719245.4400000002,1.1025
Costco,Dairy,Milk,18.26,3,22/06/2025,,,333.42760000000004,9,,
Walmart,Vegetables,Tomato,9.32,63,21/06/2025,705.25,1.32,86.86240000000001,3969,497377.5625,1.7424000000000002
Food Basics,Household,Detergent,6.66,12,27/06/2025,,,44.3556,144,,
Food Basics,Household,Toilet Paper,2.24,11,28/06/2025,,,5.017600000000001,121,,
No Frills,Vegetables,Onion,6.17,37,06/07/2025,440.45,1.4,38.0689,1369,193996.20249999998,1.9599999999999997
No Frills,Meat,Chicken,4.46,81,11/07/2025,434.07,1.03,19.8916,6561,188416.76489999998,1.0609
Costco,Dairy,Milk,14.55,21,10/07/2025,,,211.70250000000001,441,,
Costco,Vegetables,Onion,4.58,91,24/06/2025,1344.41,0.34,20.9764,8281,1807438.2481000002,0.11560000000000002
Walmart,Vegetables,Onion,12.64,95,11/07/2025,1622.96,0.78,159.76960000000003,9025,2633999.1616,0.6084
No Frills,Snacks,Chips,6.48,30,02/07/2025,,,41.99040000000001,900,,
No Frills,Snacks,Cookies,7.39,76,07/07/2025,,,54.6121,5776,,
Food Basics,Vegetables,Potato,8.89,90,27/06/2025,1087.76,0.82,79.03210000000001,8100,1183221.8176,0.6723999999999999
No Frills,Dairy,Yogurt,16.08,90,30/06/2025,,,258.56639999999993,8100,,
Walmart,Household,Detergent,9.46,3,27/06/2025,,,89.49160000000002,9,,
Walmart,Beverages,Tea,12.88,8,25/06/2025,,,165.89440000000002,64,,
Food Basics,Meat,Beef,3.85,52,26/06/2025,332.99,1.16,14.822500000000002,2704,110882.3401,1.3456
No Frills,Meat,Fish,15.37,88,15/07/2025,399.61,3.85,236.23689999999996,7744,159688.1521,14.822500000000002
Food Basics,Meat,Fish,16.61,77,02/07/2025,1798.31,0.92,275.89209999999997,5929,3233918.8561,0.8464
No Frills,Beverages,Tea,2.23,67,19/06/2025,,,4.9729,4489,,
Walmart,Household,Tissue,13.49,20,27/06/2025,,,181.9801,400,,
Costco,Bakery,Bread,2.22,47,24/06/2025,,,4.928400000000001,2209,,
Costco,Fruits,Apple,16.02,100,28/06/2025,381.35,4.2,256.6404,10000,145427.8225,17.64
Walmart,Dairy,Milk,16.38,88,21/06/2025,,,268.3044,7744,,
Costco,Meat,Chicken,6.12,11,30/06/2025,661.16,0.93,37.4544,121,437132.54559999995,0.8649000000000001
Costco,Fruits,Orange,9.31,4,29/06/2025,744.02,1.25,86.6761,16,553565.7604,1.5625
Costco,Dairy,Butter,15.59,96,18/06/2025,490.19,3.18,243.0481,9216,240286.2361,10.112400000000001
No Frills,Meat,Pork,11.04,24,06/07/2025,783.1,1.41,121.88159999999998,576,613245.61,1.9880999999999998
Costco,Meat,Beef,12.24,68,21/06/2025,203.38,6.02,149.8176,4624,41363.424399999996,36.240399999999994
Food Basics,Household,Detergent,7.92,82,03/07/2025,,,62.7264,6724,,
No Frills,Snacks,Cookies,16.26,49,05/07/2025,,,264.3876000000001,2401,,
Food Basics,Beverages,Water,18.07,65,22/06/2025,,,326.5249,4225,,
No Frills,Meat,Beef,13.18,82,12/07/2025,1399.06,0.94,173.7124,6724,1957368.8835999998,0.8835999999999999
No Frills,Fruits,Apple,7.61,30,15/07/2025,1071.46,0.71,57.9121,900,1148026.5316,0.5041
Food Basics,Vegetables,Potato,4.26,90,27/06/2025,1371.08,0.31,18.147599999999997,8100,1879860.3663999997,0.0961
Food Basics,Snacks,Nuts,14.02,96,11/07/2025,1520.47,0.92,196.5604,9216,2311829.0209,0.8464
No Frills,Fruits,Banana,19.59,59,22/06/2025,1643.96,1.19,383.7681,3481,2702604.4816,1.4161
Walmart,Dairy,Butter,13.57,91,30/06/2025,1818.44,0.75,184.1449,8281,3306724.0336,0.5625
No Frills,Fruits,Apple,14.82,10,23/06/2025,690.32,2.15,219.63240000000002,100,476541.70240000007,4.6225
Food Basics,Vegetables,Carrot,5.22,9,17/07/2025,1149.85,0.45,27.248399999999997,81,1322155.0224999997,0.2025
No Frills,Household,Soap,9.73,34,09/07/2025,,,94.67290000000001,1156,,
Walmart,Meat,Fish,5.66,79,05/07/2025,1346.63,0.42,32.0356,6241,1813412.3569000002,0.17639999999999997
Costco,Dairy,Butter,4.83,92,06/07/2025,1344.01,0.36,23.3289,8464,1806362.8801,0.1296
No Frills,Vegetables,Carrot,16.02,99,14/07/2025,420.57,3.81,256.6404,9801,176879.1249,14.5161
No Frills,Bakery,Muffin,11.53,41,15/07/2025,,,132.9409,1681,,
Walmart,Beverages,Water,2.18,71,24/06/2025,,,4.752400000000001,5041,,
No Frills,Snacks,Cookies,9.91,62,11/07/2025,,,98.2081,3844,,
No Frills,Household,Toilet Paper,16.12,81,01/07/2025,,,259.85440000000006,6561,,
No Frills,Fruits,Banana,1.04,94,29/06/2025,865.69,0.12,1.0816000000000001,8836,749419.1761,0.0144
Food Basics,Dairy,Cheese,17.88,39,27/06/2025,230.16,7.77,319.6944,1521,52973.6256,60.372899999999994
Costco,Dairy,Milk,19.17,62,29/06/2025,,,367.48890000000006,3844,,
Costco,Meat,Chicken,15.93,29,05/07/2025,1292.9,1.23,253.76489999999998,841,1671590.4100000001,1.5129
Walmart,Meat,Beef,18.99,75,13/07/2025,652.95,2.91,360.6200999999999,5625,426343.7025000001,8.468100000000002
No Frills,Meat,Fish,9.21,65,11/07/2025,1893.19,0.49,84.82410000000002,4225,3584168.3761,0.24009999999999998
Walmart,Vegetables,Carrot,5.08,1,18/06/2025,371.03,1.37,25.8064,1,137663.2609,1.8769000000000002
Food Basics,Fruits,Apple,16.82,37,18/06/2025,1534.03,1.1,282.9124,1369,2353248.0409,1.2100000000000002
Walmart,Fruits,Orange,4.85,37,04/07/2025,1540.31,0.31,23.522499999999997,1369,2372554.8961,0.0961
No Frills,Bakery,Croissant,6.25,44,18/06/2025,,,39.0625,1936,,
Walmart,Beverages,Soda,1.05,73,02/07/2025,,,1.1025,5329,,
Walmart,Bakery,Croissant,19.84,22,18/06/2025,,,393.6256,484,,
No Frills,Beverages,Soda,14.99,6,01/07/2025,,,224.70010000000002,36,,
No Frills,Snacks,Nuts,14.41,29,23/06/2025,1013.6,1.42,207.6481,841,1027384.9600000001,2.0164
Walmart,Fruits,Grapes,9.64,76,12/07/2025,1100.94,0.88,92.92960000000001,5776,1212068.8836,0.7744
No Frills,Bakery,Croissant,3.59,55,09/07/2025,,,12.8881,3025,,
No Frills,Snacks,Cookies,10.61,34,04/07/2025,,,112.57209999999999,1156,,
Costco,Vegetables,Tomato,11.06,6,15/07/2025,212.54,5.2,122.32360000000001,36,45173.251599999996,27.040000000000003
Food Basics,Bakery,Bagel,11.57,95,01/07/2025,,,133.8649,9025,,
Costco,Dairy,Yogurt,4.46,81,02/07/2025,,,19.8916,6561,,
Walmart,Bakery,Bread,2.72,23,13/07/2025,,,7.398400000000001,529,,
No Frills,Beverages,Tea,11.84,65,28/06/2025,,,140.1856,4225,,
Costco,Beverages,Soda,5.34,61,25/06/2025,,,28.5156,3721,,
No Frills,Beverages,Soda,16.98,92,16/07/2025,,,288.3204,8464,,
Food Basics,Vegetables,Tomato,8.97,68,19/06/2025,611.47,1.47,80.46090000000001,4624,373895.56090000004,2.1609
Costco,Meat,Chicken,13.06,21,05/07/2025,229.17,5.7,170.5636,441,52518.88889999999,32.49
Food Basics,Dairy,Cheese,19.97,40,17/07/2025,1615.02,1.24,398.80089999999996,1600,2608289.6004,1.5376
Walmart,Vegetables,Onion,4.69,44,02/07/2025,497.83,0.94,21.996100000000002,1936,247834.7089,0.8835999999999999
Walmart,Snacks,Chips,17.55,17,26/06/2025,,,308.0025,289,,
Costco,Dairy,Milk,7.89,24,17/06/2025,,,62.25209999999999,576,,
No Frills,Beverages,Tea,7.82,84,12/07/2025,,,61.15240000000001,7056,,
Food Basics,Bakery,Croissant,15.04,79,04/07/2025,,,226.20159999999998,6241,,
Walmart,Vegetables,Tomato,3.36,50,08/07/2025,900.88,0.37,11.289599999999998,2500,811584.7744,0.1369
Walmart,Fruits,Apple,2.51,94,14/07/2025,1766.43,0.14,6.300099999999999,8836,3120274.9449,0.019600000000000003
No Frills,Beverages,Water,16.5,22,19/06/2025,,,272.25,484,,
Walmart,Vegetables,Potato,7.5,86,02/07/2025,855.21,0.88,56.25,7396,731384.1441,0.7744
Costco,Meat,Fish,12.39,49,25/06/2025,1787.75,0.69,153.5121,2401,3196050.0625,0.4760999999999999
No Frills,Vegetables,Carrot,16.72,100,08/07/2025,918.42,1.82,279.55839999999995,10000,843495.2963999999,3.3124000000000002
Food Basics,Dairy,Yogurt,7.51,1,17/06/2025,,,56.400099999999995,1,,
Food Basics,Meat,Fish,18.91,11,09/07/2025,1714.5,1.1,357.5881,121,2939510.25,1.2100000000000002
Food Basics,Beverages,Tea,19.12,59,04/07/2025,,,365.5744,3481,,
Walmart,Vegetables,Carrot,7.42,44,24/06/2025,1430.79,0.52,55.0564,1936,2047160.0240999998,0.27040000000000003
Costco,Fruits,Orange,2.05,18,13/07/2025,1765.88,0.12,4.2025,324,3118332.1744000004,0.0144
Walmart,Household,Detergent,4.03,14,18/06/2025,,,16.240900000000003,196,,
Food Basics,Meat,Fish,12.86,6,22/06/2025,609.3,2.11,165.37959999999998,36,371246.48999999993,4.4521
Walmart,Dairy,Butter,5.26,24,12/07/2025,1653.65,0.32,27.667599999999997,576,2734558.3225000002,0.1024
Costco,Vegetables,Potato,18.06,20,10/07/2025,1661.31,1.09,326.1636,400,2759950.9161,1.1881000000000002
Costco,Fruits,Banana,6.51,30,12/07/2025,1570.87,0.41,42.3801,900,2467632.5568999997,0.16809999999999997
No Frills,Fruits,Orange,8.13,86,02/07/2025,824.4,0.99,66.09690000000002,7396,679635.36,0.9801
Food Basics,Snacks,Nuts,2.77,22,15/07/2025,446.49,0.62,7.6729,484,199353.3201,0.3844
No Frills,Fruits,Grapes,9.54,33,24/06/2025,876.97,1.09,91.01159999999999,1089,769076.3809000001,1.1881000000000002
Costco,Beverages,Soda,5.75,87,23/06/2025,,,33.0625,7569,,
Food Basics,Meat,Pork,10.87,30,25/06/2025,1890.73,0.57,118.15689999999998,900,3574859.9329,0.32489999999999997
Food Basics,Snacks,Chips,17.06,92,12/07/2025,,,291.04359999999997,8464,,
Food Basics,Household,Soap,18.98,12,12/07/2025,,,360.2404,144,,
Walmart,Beverages,Soda,19.66,44,27/06/2025,,,386.5156,1936,,
Walmart,Meat,Beef,15.09,11,22/06/2025,1915.39,0.79,227.7081,121,3668718.8521000003,0.6241000000000001
No Frills,Bakery,Croissant,19.9,81,07/07/2025,,,396.00999999999993,6561,,
Costco,Household,Detergent,14.37,97,25/06/2025,,,206.49689999999998,9409,,
Walmart,Fruits,Banana,17.26,84,03/07/2025,1704.24,1.01,297.90760000000006,7056,2904433.9776,1.0201
No Frills,Snacks,Chips,16.42,70,02/07/2025,,,269.61640000000006,4900,,
Walmart,Household,Tissue,10.31,50,23/06/2025,,,106.29610000000001,2500,,
Walmart,Dairy,Yogurt,19.97,75,24/06/2025,,,398.80089999999996,5625,,
Walmart,Dairy,Yogurt,14.63,51,09/07/2025,,,214.03690000000003,2601,,
No Frills,Vegetables,Onion,8.17,43,17/06/2025,1888.47,0.43,66.74889999999999,1849,3566318.9409000003,0.18489999999999998
Walmart,Dairy,Yogurt,9.67,39,29/06/2025,,,93.5089,1521,,
Food Basics,Bakery,Muffin,12.0,75,14/07/2025,,,144.0,5625,,
Food Basics,Fruits,Grapes,1.57,13,08/07/2025,1815.72,0.09,2.4649,169,3296839.1184,0.0081
No Frills,Meat,Pork,12.82,0,18/06/2025,431.1,2.97,164.35240000000002,0,185847.21000000002,8.820900000000002
No Frills,Beverages,Water,17.74,15,17/07/2025,,,314.70759999999996,225,,
Costco,Household,Toilet Paper,15.04,1,22/06/2025,,,226.20159999999998,1,,
Food Basics,Beverages,Juice,8.26,99,04/07/2025,,,68.2276,9801,,
Food Basics,Vegetables,Carrot,19.18,95,24/06/2025,422.57,4.54,367.87239999999997,9025,178565.4049,20.6116
Food Basics,Household,Soap,9.11,40,28/06/2025,,,82.9921,1600,,
Food Basics,Household,Toilet Paper,3.41,58,02/07/2025,,,11.628100000000002,3364,,
Walmart,Vegetables,Onion,12.57,99,06/07/2025,1427.65,0.88,158.00490000000002,9801,2038184.5225000002,0.7744
Costco,Household,Soap,19.3,57,27/06/2025,,,372.49,3249,,
Food Basics,Bakery,Bread,4.69,41,30/06/2025,,,21.996100000000002,1681,,
Costco,Meat,Fish,17.79,86,17/07/2025,1627.14,1.09,316.48409999999996,7396,2647584.5796000003,1.1881000000000002
No Frills,Bakery,Bread,14.68,88,04/07/2025,,,215.5024,7744,,
Food Basics,Bakery,Bagel,3.11,77,23/06/2025,,,9.672099999999999,5929,,
Food Basics,Snacks,Nuts,19.86,70,08/07/2025,230.48,8.62,394.4196,4900,53121.030399999996,74.30439999999999
Walmart,Bakery,Croissant,17.55,89,18/06/2025,,,308.0025,7921,,
Walmart,Vegetables,Carrot,3.77,23,17/06/2025,1056.45,0.36,14.2129,529,1116086.6025,0.1296
Costco,Vegetables,Onion,3.64,66,03/07/2025,377.13,0.97,13.249600000000001,4356,142227.0369,0.9409
Costco,Meat,Beef,9.92,36,11/07/2025,286.45,3.46,98.4064,1296,82053.6025,11.9716
No Frills,Bakery,Muffin,8.17,14,17/06/2025,,,66.74889999999999,196,,
Walmart,Fruits,Banana,13.35,37,15/07/2025,520.31,2.57,178.2225,1369,270722.49609999993,6.604899999999999
No Frills,Fruits,Orange,2.82,3,06/07/2025,1661.14,0.17,7.952399999999999,9,2759386.0996000003,0.028900000000000006
Walmart,Snacks,Crackers,11.07,42,30/06/2025,,,122.54490000000001,1764,,
No Frills,Vegetables,Potato,8.36,15,19/06/2025,1375.5,0.61,69.88959999999999,225,1892000.25,0.3721
No Frills,Snacks,Crackers,4.52,10,01/07/2025,,,20.430399999999995,100,,
Costco,Fruits,Grapes,10.19,81,30/06/2025,1309.19,0.78,103.83609999999999,6561,1713978.4561,0.6084
Food Basics,Bakery,Croissant,4.09,66,06/07/2025,,,16.728099999999998,4356,,
No Frills,Beverages,Water,3.53,34,21/06/2025,,,12.460899999999999,1156,,
Costco,Beverages,Juice,12.03,9,08/07/2025,,,144.72089999999997,81,,
Walmart,Bakery,Bagel,1.23,42,22/06/2025,,,1.5129,1764,,
Food Basics,Snacks,Crackers,6.84,97,12/07/2025,,,46.785599999999995,9409,,
No Frills,Bakery,Muffin,3.27,69,21/06/2025,,,10.6929,4761,,
Costco,Bakery,Muffin,2.08,32,15/07/2025,,,4.3264000000000005,1024,,
Food Basics,Meat,Chicken,17.45,71,22/06/2025,1431.15,1.22,304.5025,5041,2048190.3225000002,1.4884
No Frills,Beverages,Juice,9.26,31,10/07/2025,,,85.74759999999999,961,,
Costco,Snacks,Nuts,11.84,67,19/06/2025,809.45,1.46,140.1856,4489,655209.3025000001,2.1315999999999997
Walmart,Meat,Pork,17.78,99,25/06/2025,1158.68,1.53,316.12840000000006,9801,1342539.3424000002,2.3409
Costco,Dairy,Yogurt,5.45,55,12/07/2025,,,29.7025,3025,,
Food Basics,Beverages,Soda,4.36,29,27/06/2025,,,19.009600000000002,841,,
Costco,Household,Toilet Paper,2.2,72,03/07/2025,,,4.840000000000001,5184,,
No Frills,Meat,Fish,9.42,72,02/07/2025,1059.93,0.89,88.7364,5184,1123451.6049000002,0.7921
Walmart,Household,Soap,14.87,76,12/07/2025,,,221.1169,5776,,
Food Basics,Fruits,Orange,19.0,65,09/07/2025,1779.73,1.07,361.0,4225,3167438.8729,1.1449
No Frills,Meat,Pork,1.82,17,15/07/2025,1403.08,0.13,3.3124000000000002,289,1968633.4863999998,0.016900000000000002
No Frills,Dairy,Milk,19.65,6,26/06/2025,,,386.12249999999995,36,,
Walmart,Bakery,Croissant,5.67,64,04/07/2025,,,32.1489,4096,,
Costco,Beverages,Juice,16.88,31,04/07/2025,,,284.9344,961,,
Food Basics,Meat,Pork,10.23,37,02/07/2025,1156.62,0.88,104.6529,1369,1337769.8243999998,0.7744
Food Basics,Bakery,Bagel,6.32,91,05/07/2025,,,39.942400000000006,8281,,
Walmart,Fruits,Apple,15.45,37,08/07/2025,1441.06,1.07,238.7025,1369,2076653.9235999999,1.1449
Walmart,Dairy,Cheese,11.05,3,08/07/2025,744.04,1.49,122.10250000000002,9,553595.5216,2.2201
Costco,Vegetables,Carrot,9.73,22,30/06/2025,1886.59,0.52,94.67290000000001,484,3559221.8280999996,0.27040000000000003
No Frills,Beverages,Juice,8.23,80,03/07/2025,,,67.7329,6400,,
No Frills,Household,Detergent,13.88,31,27/06/2025,,,192.6544,961,,
Food Basics,Meat,Pork,16.67,75,30/06/2025,1591.03,1.05,277.88890000000004,5625,2531376.4609,1.1025
Walmart,Bakery,Muffin,4.89,5,22/06/2025,,,23.912099999999995,25,,
Walmart,Household,Tissue,1.88,90,18/06/2025,,,3.5343999999999998,8100,,
Walmart,Vegetables,Carrot,6.14,23,21/06/2025,293.38,2.09,37.6996,529,86071.8244,4.368099999999999
Walmart,Household,Soap,16.96,14,21/06/2025,,,287.64160000000004,196,,
Food Basics,Bakery,Bagel,8.37,94,28/06/2025,,,70.05689999999998,8836,,
No Frills,Fruits,Banana,11.66,54,10/07/2025,578.85,2.01,135.9556,2916,335067.3225,4.040099999999999
No Frills,Vegetables,Potato,1.13,8,13/07/2025,1368.01,0.08,1.2768999999999997,64,1871451.3601,0.0064
Food Basics,Beverages,Juice,5.05,88,14/07/2025,,,25.502499999999998,7744,,
Food Basics,Beverages,Tea,18.93,96,12/07/2025,,,358.3449,9216,,
Walmart,Beverages,Water,10.72,0,29/06/2025,,,114.91840000000002,0,,
Walmart,Meat,Beef,13.02,29,17/06/2025,661.06,1.97,169.5204,841,437000.32359999995,3.8809
Food Basics,Fruits,Apple,16.5,98,03/07/2025,1228.36,1.34,272.25,9604,1508868.2895999998,1.7956000000000003
Walmart,Bakery,Croissant,16.17,44,14/07/2025,,,261.4689000000001,1936,,
Walmart,Meat,Pork,16.6,95,01/07/2025,1095.87,1.51,275.56000000000006,9025,1200931.0568999997,2.2801
Costco,Meat,Chicken,6.46,25,28/06/2025,1599.7,0.4,41.7316,625,2559040.0900000003,0.16000000000000003
Walmart,Fruits,Banana,5.04,6,12/07/2025,1483.22,0.34,25.401600000000002,36,2199941.5684,0.11560000000000002
Food Basics,Bakery,Croissant,3.31,21,09/07/2025,,,10.956100000000001,441,,
Food Basics,Bakery,Croissant,18.29,86,11/07/2025,,,334.5241,7396,,
No Frills,Fruits,Apple,4.08,70,11/07/2025,529.51,0.77,16.6464,4900,280380.8401,0.5929
No Frills,Snacks,Cookies,14.78,52,28/06/2025,,,218.4484,2704,,
Costco,Snacks,Nuts,4.16,1,04/07/2025,731.77,0.57,17.305600000000002,1,535487.3328999999,0.32489999999999997
No Frills,Fruits,Apple,2.69,83,10/07/2025,736.95,0.37,7.2360999999999995,6889,543095.3025000001,0.1369
No Frills,Beverages,Tea,13.23,73,02/07/2025,,,175.0329,5329,,
Food Basics,Beverages,Tea,10.5,53,17/06/2025,,,110.25,2809,,
Food Basics,Beverages,Water,8.15,45,17/06/2025,,,66.4225,2025,,
Food Basics,Household,Detergent,16.63,44,13/07/2025,,,276.5569,1936,,
Walmart,Beverages,Juice,8.0,44,15/07/2025,,,64.0,1936,,
Walmart,Snacks,Chips,1.97,55,19/06/2025,,,3.8809,3025,,
No Frills,Vegetables,Onion,12.68,98,09/07/2025,988.54,1.28,160.7824,9604,977211.3315999999,1.6384
No Frills,Snacks,Cookies,17.24,55,17/07/2025,,,297.21759999999995,3025,,
Costco,Snacks,Chips,8.52,91,27/06/2025,,,72.59039999999999,8281,,
Walmart,Vegetables,Onion,4.58,2,28/06/2025,1040.37,0.44,20.9764,4,1082369.7368999997,0.1936
Walmart,Meat,Beef,12.13,48,02/07/2025,1261.07,0.96,147.13690000000003,2304,1590297.5448999999,0.9216
No Frills,Snacks,Crackers,16.58,34,19/06/2025,,,274.89639999999997,1156,,
No Frills,Dairy,Butter,17.32,17,26/06/2025,1370.27,1.26,299.9824,289,1877639.8728999998,1.5876000000000001
No Frills,Snacks,Chips,10.17,82,10/07/2025,,,103.4289,6724,,
Food Basics,Bakery,Bagel,2.93,60,15/07/2025,,,8.584900000000001,3600,,
No Frills,Snacks,Nuts,18.0,65,12/07/2025,419.04,4.3,324.0,4225,175594.5216,18.49
Walmart,Household,Detergent,13.06,15,12/07/2025,,,170.5636,225,,
No Frills,Bakery,Muffin,11.89,52,22/06/2025,,,141.37210000000002,2704,,
Costco,Snacks,Cookies,16.92,81,14/07/2025,,,286.28640000000007,6561,,
Walmart,Fruits,Grapes,11.08,96,23/06/2025,900.08,1.23,122.7664,9216,810144.0064000001,1.5129
Walmart,Snacks,Crackers,15.86,40,10/07/2025,,,251.53959999999998,1600,,
Costco,Meat,Fish,6.92,89,04/07/2025,1460.58,0.47,47.8864,7921,2133293.9364,0.22089999999999999
Costco,Household,Tissue,11.38,49,27/06/2025,,,129.5044,2401,,
Food Basics,Fruits,Banana,13.32,72,27/06/2025,1030.98,1.29,177.4224,5184,1062919.7604,1.6641000000000001
Food Basics,Snacks,Chips,12.84,86,14/07/2025,,,164.8656,7396,,
No Frills,Beverages,Tea,1.44,68,11/07/2025,,,2.0736,4624,,
Walmart,Fruits,Banana,1.59,19,09/07/2025,1711.04,0.09,2.5281000000000002,361,2927657.8816,0.0081
Food Basics,Fruits,Grapes,11.67,42,20/06/2025,552.85,2.11,136.1889,1764,305643.1225,4.4521
Walmart,Vegetables,Carrot,10.4,57,28/06/2025,1959.51,0.53,108.16000000000001,3249,3839679.4401,0.28090000000000004
No Frills,Meat,Fish,16.15,21,07/07/2025,1461.61,1.1,260.82249999999993,441,2136303.7920999997,1.2100000000000002
Walmart,Snacks,Chips,5.87,69,03/07/2025,,,34.456900000000005,4761,,
Walmart,Dairy,Milk,9.45,89,03/07/2025,,,89.30249999999998,7921,,
Walmart,Fruits,Grapes,6.14,55,07/07/2025,478.83,1.28,37.6996,3025,229278.1689,1.6384
Walmart,Snacks,Chips,10.55,73,26/06/2025,,,111.30250000000001,5329,,
Food Basics,Snacks,Chips,6.6,66,11/07/2025,,,43.559999999999995,4356,,
Costco,Vegetables,Carrot,18.36,28,17/07/2025,1594.84,1.15,337.08959999999996,784,2543514.6256,1.3224999999999998
No Frills,Vegetables,Onion,19.45,37,17/06/2025,553.21,3.52,378.30249999999995,1369,306041.30410000007,12.3904
Walmart,Meat,Pork,11.95,30,21/06/2025,1355.65,0.88,142.80249999999998,900,1837786.9225000003,0.7744
Food Basics,Meat,Fish,10.37,23,19/06/2025,1619.42,0.64,107.53689999999999,529,2622521.1364,0.4096
No Frills,Meat,Beef,5.33,97,14/07/2025,1657.12,0.32,28.4089,9409,2746046.6943999995,0.1024
Food Basics,Beverages,Water,9.1,20,11/07/2025,,,82.80999999999999,400,,
Food Basics,Meat,Fish,4.62,77,12/07/2025,316.27,1.46,21.3444,5929,100026.71289999998,2.1315999999999997
Walmart,Meat,Fish,4.09,58,11/07/2025,471.36,0.87,16.728099999999998,3364,222180.2496,0.7569
Costco,Dairy,Cheese,18.6,3,27/06/2025,1797.82,1.03,345.96000000000004,9,3232156.7523999996,1.0609
Costco,Snacks,Nuts,18.78,32,27/06/2025,528.24,3.56,352.68840000000006,1024,279037.4976,12.6736
Food Basics,Fruits,Banana,13.8,42,19/06/2025,1397.11,0.99,190.44000000000003,1764,1951916.3520999998,0.9801
No Frills,Dairy,Cheese,17.96,37,05/07/2025,1570.08,1.14,322.56160000000006,1369,2465151.2063999996,1.2995999999999999
Walmart,Fruits,Apple,10.76,9,18/06/2025,1126.63,0.96,115.77759999999999,81,1269295.1569000003,0.9216
Walmart,Bakery,Muffin,6.43,84,14/07/2025,,,41.344899999999996,7056,,
No Frills,Vegetables,Carrot,9.6,88,07/07/2025,1349.51,0.71,92.16,7744,1821177.2401,0.5041
No Frills,Household,Detergent,17.11,29,12/07/2025,,,292.7521,841,,
No Frills,Household,Soap,17.02,61,16/07/2025,,,289.68039999999996,3721,,
Food Basics,Bakery,Croissant,1.05,14,29/06/2025,,,1.1025,196,,
No Frills,Beverages,Juice,9.24,49,24/06/2025,,,85.3776,2401,,
Costco,Dairy,Milk,5.86,49,26/06/2025,,,34.339600000000004,2401,,
Food Basics,Dairy,Cheese,16.06,87,13/07/2025,1472.96,1.09,257.92359999999996,7569,2169611.1616,1.1881000000000002
Walmart,Meat,Beef,7.97,80,21/06/2025,1113.85,0.72,63.5209,6400,1240661.8224999998,0.5184
Food Basics,Bakery,Croissant,4.85,24,17/07/2025,,,23.522499999999997,576,,
No Frills,Meat,Pork,1.4,7,03/07/2025,414.5,0.34,1.9599999999999997,49,171810.25,0.11560000000000002
Food Basics,Fruits,Apple,2.28,69,25/06/2025,1168.06,0.2,5.1983999999999995,4761,1364364.1635999999,0.04000000000000001
Costco,Vegetables,Potato,2.07,83,23/06/2025,862.97,0.24,4.2848999999999995,6889,744717.2209000001,0.0576
Walmart,Bakery,Muffin,1.5,40,23/06/2025,,,2.25,1600,,
No Frills,Vegetables,Potato,7.81,2,23/06/2025,1282.52,0.61,60.99609999999999,4,1644857.5504,0.3721
Food Basics,Bakery,Bagel,19.7,31,26/06/2025,,,388.09,961,,
Food Basics,Household,Toilet Paper,9.98,28,04/07/2025,,,99.60040000000001,784,,
Costco,Beverages,Soda,1.83,7,29/06/2025,,,3.3489000000000004,49,,
No Frills,Snacks,Crackers,10.36,89,01/07/2025,,,107.32959999999999,7921,,
Costco,Fruits,Apple,8.32,12,21/06/2025,1519.87,0.55,69.22240000000001,144,2310004.8168999995,0.30250000000000005
Food Basics,Fruits,Apple,5.43,72,07/07/2025,369.37,1.47,29.484899999999996,5184,136434.1969,2.1609
Walmart,Meat,Chicken,17.8,71,06/07/2025,1184.83,1.5,316.84000000000003,5041,1403822.1289,2.25
Costco,Meat,Pork,5.51,97,09/07/2025,248.55,2.22,30.3601,9409,61777.10250000001,4.928400000000001
Food Basics,Meat,Pork,2.93,89,28/06/2025,898.13,0.33,8.584900000000001,7921,806637.4969,0.10890000000000001
Walmart,Bakery,Bagel,6.93,59,16/07/2025,,,48.024899999999995,3481,,
Walmart,Beverages,Soda,4.18,4,25/06/2025,,,17.472399999999997,16,,
Food Basics,Fruits,Banana,12.66,93,28/06/2025,1181.85,1.07,160.2756,8649,1396769.4224999999,1.1449
No Frills,Household,Detergent,11.02,44,23/06/2025,,,121.4404,1936,,
No Frills,Dairy,Milk,14.16,61,09/07/2025,,,200.50560000000002,3721,,
Food Basics,Dairy,Yogurt,16.42,79,01/07/2025,,,269.61640000000006,6241,,
Food Basics,Snacks,Chips,19.98,56,04/07/2025,,,399.2004,3136,,
No Frills,Snacks,Cookies,3.4,47,30/06/2025,,,11.559999999999999,2209,,
No Frills,Fruits,Orange,2.62,79,09/07/2025,924.68,0.28,6.864400000000001,6241,855033.1023999999,0.07840000000000001
No Frills,Meat,Fish,14.68,25,12/07/2025,1675.58,0.88,215.5024,625,2807568.3364,0.7744
Walmart,Vegetables,Onion,15.87,21,22/06/2025,627.68,2.53,251.85689999999997,441,393982.18239999993,6.400899999999999
Costco,Beverages,Tea,12.0,31,26/06/2025,,,144.0,961,,
Costco,Meat,Fish,18.77,84,12/07/2025,831.24,2.26,352.31289999999996,7056,690959.9376000001,5.107599999999999
No Frills,Dairy,Cheese,2.38,24,08/07/2025,499.35,0.48,5.6644,576,249350.42250000002,0.2304
Walmart,Vegetables,Carrot,8.28,36,25/06/2025,1986.43,0.42,68.55839999999999,1296,3945904.1449,0.17639999999999997
Food Basics,Beverages,Soda,16.38,57,07/07/2025,,,268.3044,3249,,
Costco,Household,Soap,12.09,24,10/07/2025,,,146.1681,576,,
No Frills,Dairy,Milk,14.53,89,30/06/2025,,,211.12089999999998,7921,,
Costco,Snacks,Cookies,19.56,49,22/06/2025,,,382.5935999999999,2401,,
Walmart,Bakery,Croissant,2.56,63,12/07/2025,,,6.5536,3969,,
Food Basics,Meat,Chicken,18.71,62,23/06/2025,463.82,4.03,350.06410000000005,3844,215128.9924,16.240900000000003
Walmart,Dairy,Yogurt,12.3,1,23/06/2025,,,151.29000000000002,1,,
Walmart,Fruits,Banana,10.16,43,05/07/2025,1563.19,0.65,103.2256,1849,2443562.9761,0.42250000000000004
Costco,Dairy,Butter,11.72,28,26/06/2025,1367.99,0.86,137.35840000000002,784,1871396.6401,0.7395999999999999
Costco,Household,Detergent,19.54,13,02/07/2025,,,381.81159999999994,169,,
Costco,Fruits,Banana,15.46,93,01/07/2025,1013.8,1.52,239.01160000000002,8649,1027790.44,2.3104
Walmart,Snacks,Cookies,1.22,99,11/07/2025,,,1.4884,9801,,
Costco,Dairy,Yogurt,6.97,39,12/07/2025,,,48.5809,1521,,
Food Basics,Meat,Beef,19.01,27,29/06/2025,1865.75,1.02,361.3801000000001,729,3481023.0625,1.0404
No Frills,Beverages,Water,11.22,51,29/06/2025,,,125.88840000000002,2601,,
Costco,Beverages,Juice,13.91,4,13/07/2025,,,193.4881,16,,
No Frills,Snacks,Nuts,2.32,17,15/07/2025,219.62,1.06,5.3824,289,48232.9444,1.1236000000000002
No Frills,Snacks,Chips,9.2,62,27/06/2025,,,84.63999999999999,3844,,
Food Basics,Snacks,Crackers,16.69,97,03/07/2025,,,278.5561,9409,,
Food Basics,Vegetables,Onion,11.49,22,15/07/2025,1520.08,0.76,132.0201,484,2310643.2063999996,0.5776
No Frills,Snacks,Nuts,2.69,42,29/06/2025,231.24,1.16,7.2360999999999995,1764,53471.937600000005,1.3456
Food Basics,Dairy,Yogurt,15.75,0,10/07/2025,,,248.0625,0,,
Walmart,Household,Toilet Paper,15.18,6,21/06/2025,,,230.4324,36,,
Costco,Snacks,Cookies,18.13,74,15/07/2025,,,328.69689999999997,5476,,
Walmart,Vegetables,Tomato,2.55,3,19/06/2025,1939.58,0.13,6.5024999999999995,9,3761970.5763999997,0.016900000000000002
No Frills,Snacks,Chips,10.34,62,05/07/2025,,,106.9156,3844,,
Walmart,Fruits,Orange,5.9,57,25/06/2025,751.43,0.79,34.81,3249,564647.0449,0.6241000000000001
Costco,Household,Detergent,13.12,74,15/07/2025,,,172.13439999999997,5476,,
Walmart,Vegetables,Carrot,4.89,81,15/07/2025,1667.52,0.29,23.912099999999995,6561,2780622.9504,0.0841
No Frills,Bakery,Bread,10.59,41,14/07/2025,,,112.1481,1681,,
Walmart,Vegetables,Tomato,11.08,41,29/06/2025,664.28,1.67,122.7664,1681,441267.91839999997,2.7889
Walmart,Fruits,Banana,7.37,77,01/07/2025,1144.14,0.64,54.316900000000004,5929,1309056.3396000003,0.4096
Walmart,Bakery,Bagel,11.68,51,17/06/2025,,,136.42239999999998,2601,,
Food Basics,Bakery,Croissant,13.3,99,15/07/2025,,,176.89000000000001,9801,,
No Frills,Meat,Fish,7.4,97,19/06/2025,1390.32,0.53,54.760000000000005,9409,1932989.7023999998,0.28090000000000004
Food Basics,Meat,Fish,5.54,21,29/06/2025,578.75,0.96,30.6916,441,334951.5625,0.9216
Food Basics,Vegetables,Potato,9.07,68,17/07/2025,602.91,1.5,82.26490000000001,4624,363500.46809999994,2.25
No Frills,Vegetables,Tomato,3.18,45,13/07/2025,393.12,0.81,10.112400000000001,2025,154543.3344,0.6561000000000001
No Frills,Dairy,Butter,13.84,37,28/06/2025,1589.06,0.87,191.5456,1369,2525111.6835999996,0.7569
Food Basics,Bakery,Croissant,3.81,13,28/06/2025,,,14.5161,169,,
Walmart,Bakery,Bread,4.03,9,29/06/2025,,,16.240900000000003,81,,
Costco,Household,Detergent,8.87,30,21/06/2025,,,78.67689999999999,900,,
Costco,Vegetables,Tomato,7.77,20,22/06/2025,223.89,3.47,60.372899999999994,400,50126.732099999994,12.0409
Food Basics,Fruits,Orange,10.69,32,12/07/2025,1454.67,0.73,114.27609999999999,1024,2116064.8089,0.5328999999999999
Costco,Snacks,Nuts,7.49,12,20/06/2025,404.45,1.85,56.100100000000005,144,163579.8025,3.4225000000000003
Food Basics,Beverages,Soda,10.41,73,18/06/2025,,,108.3681,5329,,
Food Basics,Vegetables,Potato,4.86,35,01/07/2025,1674.54,0.29,23.619600000000002,1225,2804084.2116,0.0841
Costco,Meat,Fish,9.92,24,11/07/2025,1418.57,0.7,98.4064,576,2012340.8449,0.48999999999999994
Walmart,Vegetables,Tomato,13.88,82,03/07/2025,1691.66,0.82,192.6544,6724,2861713.5556,0.6723999999999999
Costco,Dairy,Cheese,1.44,30,28/06/2025,1832.32,0.08,2.0736,900,3357396.5823999997,0.0064
Food Basics,Snacks,Chips,5.34,62,26/06/2025,,,28.5156,3844,,
No Frills,Vegetables,Potato,6.38,76,20/06/2025,258.04,2.47,40.7044,5776,66584.64160000002,6.100900000000001
Walmart,Snacks,Cookies,16.08,7,06/07/2025,,,258.56639999999993,49,,
Costco,Household,Tissue,13.37,19,30/06/2025,,,178.75689999999997,361,,
Food Basics,Vegetables,Carrot,2.91,64,10/07/2025,459.3,0.63,8.468100000000002,4096,210956.49000000002,0.39690000000000003
Costco,Bakery,Bread,5.33,94,07/07/2025,,,28.4089,8836,,
Walmart,Household,Toilet Paper,9.28,84,01/07/2025,,,86.1184,7056,,
Food Basics,Vegetables,Potato,19.99,14,01/07/2025,1933.19,1.03,399.60009999999994,196,3737223.5761,1.0609
Costco,Snacks,Nuts,17.06,41,05/07/2025,1470.7,1.16,291.04359999999997,1681,2162958.49,1.3456
Walmart,Meat,Beef,15.7,46,23/06/2025,1242.74,1.26,246.48999999999998,2116,1544402.7076,1.5876000000000001
No Frills,Dairy,Butter,17.36,60,16/07/2025,1587.69,1.09,301.3696,3600,2520759.5361,1.1881000000000002
No Frills,Snacks,Nuts,16.3,44,18/06/2025,1682.22,0.97,265.69,1936,2829864.1284000003,0.9409
No Frills,Fruits,Apple,18.25,41,14/07/2025,1170.41,1.56,333.0625,1681,1369859.5681000003,2.4336
Walmart,Fruits,Apple,8.62,98,15/07/2025,438.4,1.97,74.30439999999999,9604,192194.55999999997,3.8809
Walmart,Beverages,Soda,17.47,86,19/06/2025,,,305.20089999999993,7396,,
No Frills,Vegetables,Potato,2.72,91,13/07/2025,510.59,0.53,7.398400000000001,8281,260702.14809999996,0.28090000000000004
No Frills,Meat,Chicken,3.15,28,03/07/2025,1578.96,0.2,9.9225,784,2493114.6816000002,0.04000000000000001
No Frills,Household,Toilet Paper,9.72,50,14/07/2025,,,94.47840000000001,2500,,
Walmart,Household,Detergent,10.29,24,16/07/2025,,,105.88409999999999,576,,
No Frills,Fruits,Banana,4.96,28,15/07/2025,233.73,2.12,24.6016,784,54629.7129,4.494400000000001
Costco,Household,Tissue,8.71,81,10/07/2025,,,75.86410000000002,6561,,
Walmart,Bakery,Bagel,13.51,20,30/06/2025,,,182.52009999999999,400,,
Costco,Beverages,Water,7.3,22,18/06/2025,,,53.29,484,,
Food Basics,Vegetables,Tomato,10.23,78,04/07/2025,976.66,1.05,104.6529,6084,953864.7555999999,1.1025
Walmart,Beverages,Juice,18.05,75,30/06/2025,,,325.8025,5625,,
Costco,Dairy,Milk,19.79,40,15/07/2025,,,391.6441,1600,,
Walmart,Fruits,Grapes,16.23,3,20/06/2025,1133.2,1.43,263.41290000000004,9,1284142.24,2.0448999999999997
Food Basics,Dairy,Cheese,17.19,89,05/07/2025,1268.65,1.35,295.49610000000007,7921,1609472.8225000002,1.8225000000000002
No Frills,Meat,Pork,1.58,95,17/06/2025,1453.31,0.11,2.4964000000000004,9025,2112109.9561,0.0121
Costco,Fruits,Banana,6.44,78,11/07/2025,1074.59,0.6,41.473600000000005,6084,1154743.6681,0.36
Costco,Beverages,Tea,17.12,11,29/06/2025,,,293.0944,121,,
No Frills,Dairy,Butter,1.75,2,24/06/2025,528.97,0.33,3.0625,4,279809.26090000005,0.10890000000000001
Costco,Fruits,Banana,7.83,76,24/06/2025,987.42,0.79,61.3089,5776,974998.2564,0.6241000000000001
Walmart,Snacks,Nuts,1.8,50,12/07/2025,1800.45,0.1,3.24,2500,3241620.2025,0.010000000000000002
Food Basics,Household,Toilet Paper,2.21,63,21/06/2025,,,4.8841,3969,,
Walmart,Dairy,Yogurt,15.21,60,14/07/2025,,,231.34410000000003,3600,,
Walmart,Dairy,Milk,8.66,97,12/07/2025,,,74.9956,9409,,
Costco,Bakery,Bread,18.99,60,14/07/2025,,,360.6200999999999,3600,,
Food Basics,Dairy,Cheese,14.12,44,25/06/2025,484.48,2.91,199.37439999999998,1936,234720.8704,8.468100000000002
No Frills,Bakery,Bread,16.92,63,28/06/2025,,,286.28640000000007,3969,,
No Frills,Bakery,Croissant,12.65,76,02/07/2025,,,160.0225,5776,,
Food Basics,Dairy,Butter,1.61,2,09/07/2025,978.78,0.16,2.5921000000000003,4,958010.2884,0.0256
No Frills,Dairy,Butter,13.87,22,27/06/2025,362.37,3.83,192.37689999999998,484,131312.01690000002,14.6689
No Frills,Snacks,Nuts,13.43,28,18/06/2025,1727.36,0.78,180.3649,784,2983772.5695999996,0.6084
Costco,Beverages,Tea,4.88,25,07/07/2025,,,23.8144,625,,
No Frills,Snacks,Cookies,19.14,55,01/07/2025,,,366.3396,3025,,
No Frills,Beverages,Tea,1.22,29,14/07/2025,,,1.4884,841,,
No Frills,Beverages,Water,18.34,98,13/07/2025,,,336.3556,9604,,
Costco,Fruits,Apple,8.16,12,14/07/2025,1228.53,0.66,66.5856,144,1509285.9608999998,0.43560000000000004
Food Basics,Snacks,Nuts,3.67,30,17/07/2025,1499.48,0.24,13.4689,900,2248440.2704000003,0.0576
Walmart,Snacks,Nuts,1.99,16,21/06/2025,599.41,0.33,3.9601,256,359292.34809999994,0.10890000000000001
Costco,Meat,Beef,15.59,10,22/06/2025,988.18,1.58,243.0481,100,976499.7123999998,2.4964000000000004
No Frills,Fruits,Banana,17.08,61,09/07/2025,728.34,2.35,291.72639999999996,3721,530479.1556,5.522500000000001
Costco,Fruits,Grapes,19.62,49,22/06/2025,1024.61,1.91,384.94440000000003,2401,1049825.6520999998,3.6481
No Frills,Bakery,Muffin,2.47,37,05/07/2025,,,6.100900000000001,1369,,
Costco,Vegetables,Onion,3.01,80,17/07/2025,272.69,1.1,9.060099999999998,6400,74359.8361,1.2100000000000002
Costco,Dairy,Butter,11.28,32,15/07/2025,936.0,1.21,127.23839999999998,1024,876096.0,1.4641
No Frills,Meat,Beef,1.3,72,04/07/2025,1649.41,0.08,1.6900000000000002,5184,2720553.3481,0.0064
Food Basics,Meat,Beef,9.12,50,05/07/2025,228.4,3.99,83.17439999999999,2500,52166.560000000005,15.920100000000001
Costco,Snacks,Chips,14.43,10,07/07/2025,,,208.2249,100,,
Costco,Meat,Fish,14.84,17,13/07/2025,1782.62,0.83,220.2256,289,3177734.0643999996,0.6889
Costco,Fruits,Apple,6.33,7,13/07/2025,1748.93,0.36,40.0689,49,3058756.1449,0.1296
Costco,Beverages,Juice,4.45,29,28/06/2025,,,19.802500000000002,841,,
Food Basics,Beverages,Water,11.35,43,19/06/2025,,,128.8225,1849,,
No Frills,Vegetables,Onion,15.56,6,27/06/2025,803.17,1.94,242.11360000000002,36,645082.0488999999,3.7636
Food Basics,Beverages,Tea,1.61,14,09/07/2025,,,2.5921000000000003,196,,
Food Basics,Dairy,Cheese,10.96,92,18/06/2025,786.25,1.39,120.12160000000002,8464,618189.0625,1.9320999999999997
Walmart,Fruits,Grapes,4.56,23,10/07/2025,1637.89,0.28,20.793599999999998,529,2682683.6521000005,0.07840000000000001
Costco,Vegetables,Tomato,12.04,44,08/07/2025,338.59,3.56,144.96159999999998,1936,114643.18809999998,12.6736
No Frills,Vegetables,Potato,16.16,41,11/07/2025,1983.63,0.81,261.1456,1681,3934787.9769000006,0.6561000000000001
Food Basics,Bakery,Muffin,10.56,85,23/06/2025,,,111.51360000000001,7225,,
Walmart,Dairy,Yogurt,14.41,91,07/07/2025,,,207.6481,8281,,
Walmart,Dairy,Cheese,15.8,49,18/06/2025,1819.0,0.87,249.64000000000001,2401,3308761.0,0.7569
No Frills,Snacks,Cookies,16.32,18,09/07/2025,,,266.3424,324,,
Food Basics,Vegetables,Tomato,12.26,4,27/06/2025,384.86,3.19,150.3076,16,148117.2196,10.1761
Costco,Fruits,Banana,8.96,0,07/07/2025,1193.0,0.75,80.28160000000001,0,1423249.0,0.5625
Walmart,Dairy,Yogurt,14.07,37,16/07/2025,,,197.9649,1369,,
Walmart,Beverages,Juice,9.02,54,26/06/2025,,,81.3604,2916,,
Walmart,Snacks,Crackers,5.78,36,01/07/2025,,,33.4084,1296,,
Walmart,Household,Toilet Paper,8.01,7,02/07/2025,,,64.1601,49,,
Walmart,Dairy,Milk,9.09,88,17/06/2025,,,82.6281,7744,,
Costco,Dairy,Butter,4.08,85,18/06/2025,275.98,1.48,16.6464,7225,76164.96040000001,2.1904
No Frills,Snacks,Chips,2.09,87,07/07/2025,,,4.368099999999999,7569,,
Food Basics,Beverages,Water,19.84,68,20/06/2025,,,393.6256,4624,,
Food Basics,Snacks,Nuts,5.89,56,24/06/2025,1630.15,0.36,34.692099999999996,3136,2657389.0225000004,0.1296
Walmart,Bakery,Bread,5.36,48,14/07/2025,,,28.729600000000005,2304,,
Food Basics,Bakery,Croissant,14.13,90,02/07/2025,,,199.65690000000004,8100,,
Walmart,Beverages,Juice,9.07,9,17/06/2025,,,82.26490000000001,81,,
Costco,Vegetables,Tomato,9.57,80,27/06/2025,613.24,1.56,91.5849,6400,376063.2976,2.4336
No Frills,Beverages,Juice,13.23,49,22/06/2025,,,175.0329,2401,,
Walmart,Bakery,Bagel,11.45,52,23/06/2025,,,131.1025,2704,,
Costco,Bakery,Bread,8.61,80,17/06/2025,,,74.1321,6400,,
Food Basics,Beverages,Water,7.13,1,23/06/2025,,,50.8369,1,,
Food Basics,Household,Tissue,15.14,38,14/07/2025,,,229.2196,1444,,
Walmart,Fruits,Orange,8.96,42,04/07/2025,1980.74,0.45,80.28160000000001,1764,3923330.9476,0.2025
Walmart,Bakery,Croissant,9.71,54,03/07/2025,,,94.28410000000002,2916,,
Food Basics,Snacks,Cookies,18.52,12,07/07/2025,,,342.99039999999997,144,,
No Frills,Beverages,Water,3.59,43,27/06/2025,,,12.8881,1849,,
Food Basics,Bakery,Bread,18.84,3,09/07/2025,,,354.9456,9,,
Food Basics,Household,Tissue,10.02,42,06/07/2025,,,100.40039999999999,1764,,
Food Basics,Snacks,Nuts,16.29,41,17/06/2025,379.01,4.3,265.36409999999995,1681,143648.5801,18.49
No Frills,Fruits,Banana,12.88,30,03/07/2025,300.61,4.28,165.89440000000002,900,90366.37210000001,18.3184
Food Basics,Dairy,Milk,17.25,38,13/07/2025,,,297.5625,1444,,
No Frills,Dairy,Cheese,19.27,0,11/07/2025,1770.75,1.09,371.3329,0,3135555.5625,1.1881000000000002
Food Basics,Fruits,Banana,16.39,92,11/07/2025,215.14,7.62,268.63210000000004,8464,46285.2196,58.0644
Walmart,Household,Detergent,7.03,92,21/06/2025,,,49.4209,8464,,
No Frills,Dairy,Milk,13.56,40,17/06/2025,,,183.8736,1600,,
No Frills,Vegetables,Onion,13.51,22,12/07/2025,443.53,3.05,182.52009999999999,484,196718.86089999997,9.302499999999998
Food Basics,Vegetables,Onion,16.9,91,27/06/2025,1657.08,1.02,285.60999999999996,8281,2745914.1264,1.0404
Costco,Beverages,Tea,14.17,4,15/07/2025,,,200.78889999999998,16,,
No Frills,Beverages,Juice,2.09,80,17/07/2025,,,4.368099999999999,6400,,
Food Basics,Beverages,Water,6.68,79,12/07/2025,,,44.6224,6241,,
No Frills,Snacks,Crackers,17.4,58,24/06/2025,,,302.75999999999993,3364,,
Costco,Beverages,Soda,12.31,74,29/06/2025,,,151.5361,5476,,
Walmart,Snacks,Cookies,17.43,10,06/07/2025,,,303.8049,100,,
Food Basics,Meat,Fish,11.17,2,26/06/2025,694.62,1.61,124.7689,4,482496.9444,2.5921000000000003
Costco,Dairy,Butter,2.27,77,18/06/2025,1524.86,0.15,5.1529,5929,2325198.0195999998,0.0225
Costco,Snacks,Chips,16.97,20,06/07/2025,,,287.98089999999996,400,,
Walmart,Household,Tissue,4.56,54,03/07/2025,,,20.793599999999998,2916,,
Costco,Meat,Pork,9.65,63,30/06/2025,499.98,1.93,93.1225,3969,249980.00040000002,3.7249
No Frills,Household,Toilet Paper,14.6,71,15/07/2025,,,213.16,5041,,
No Frills,Bakery,Bread,3.7,51,23/06/2025,,,13.690000000000001,2601,,
Costco,Bakery,Bread,16.33,89,15/07/2025,,,266.66889999999995,7921,,
No Frills,Meat,Beef,19.22,80,29/06/2025,1585.49,1.21,369.4084,6400,2513778.5401,1.4641
Walmart,Snacks,Crackers,2.35,70,19/06/2025,,,5.522500000000001,4900,,
Walmart,Beverages,Tea,18.11,15,29/06/2025,,,327.97209999999995,225,,
Food Basics,Bakery,Croissant,9.09,82,24/06/2025,,,82.6281,6724,,
Costco,Meat,Pork,2.17,61,25/06/2025,1616.78,0.13,4.7089,3721,2613977.5683999998,0.016900000000000002
Walmart,Vegetables,Tomato,7.05,91,10/07/2025,748.17,0.94,49.7025,8281,559758.3489,0.8835999999999999
No Frills,Bakery,Bread,1.07,70,12/07/2025,,,1.1449,4900,,
Food Basics,Bakery,Bread,5.03,25,05/07/2025,,,25.300900000000002,625,,
Walmart,Beverages,Tea,7.41,61,16/07/2025,,,54.908100000000005,3721,,
No Frills,Snacks,Cookies,12.19,84,13/07/2025,,,148.59609999999998,7056,,
Walmart,Meat,Fish,6.05,84,10/07/2025,267.34,2.26,36.6025,7056,71470.67559999999,5.107599999999999
Walmart,Meat,Fish,6.9,73,14/07/2025,1204.36,0.57,47.61000000000001,5329,1450483.0095999998,0.32489999999999997
No Frills,Snacks,Chips,1.43,8,07/07/2025,,,2.0448999999999997,64,,
Costco,Fruits,Grapes,15.73,44,24/06/2025,1963.89,0.8,247.43290000000002,1936,3856863.9321000003,0.6400000000000001
Food Basics,Bakery,Bagel,17.51,25,19/06/2025,,,306.60010000000005,625,,
Costco,Fruits,Banana,11.12,95,23/06/2025,1711.14,0.65,123.65439999999998,9025,2928000.0996000003,0.42250000000000004
Costco,Meat,Beef,19.59,32,21/06/2025,794.03,2.47,383.7681,1024,630483.6409,6.100900000000001
Walmart,Bakery,Bagel,2.25,58,04/07/2025,,,5.0625,3364,,
Walmart,Meat,Beef,19.31,78,26/06/2025,1768.24,1.09,372.87609999999995,6084,3126672.6976,1.1881000000000002
No Frills,Household,Tissue,9.49,51,17/06/2025,,,90.0601,2601,,
Costco,Snacks,Nuts,12.42,24,08/07/2025,1354.62,0.92,154.25639999999999,576,1834995.3443999996,0.8464
Walmart,Meat,Fish,1.2,6,09/07/2025,308.16,0.39,1.44,36,94962.58560000002,0.1521
Costco,Meat,Beef,17.53,48,16/07/2025,1397.63,1.25,307.3009,2304,1953369.6169000003,1.5625
No Frills,Fruits,Apple,19.2,51,28/06/2025,830.99,2.31,368.64,2601,690544.3801000001,5.3361
No Frills,Snacks,Nuts,13.84,18,15/07/2025,1801.18,0.77,191.5456,324,3244249.3924000002,0.5929
Walmart,Vegetables,Potato,8.98,72,25/06/2025,1225.97,0.73,80.64040000000001,5184,1503002.4409,0.5328999999999999
Walmart,Meat,Fish,14.04,30,27/06/2025,1935.26,0.73,197.12159999999997,900,3745231.2676,0.5328999999999999
Walmart,Meat,Chicken,3.39,10,23/06/2025,1119.26,0.3,11.4921,100,1252742.9476,0.09
Walmart,Fruits,Banana,5.3,30,25/06/2025,1382.18,0.38,28.09,900,1910421.5524000002,0.1444
No Frills,Dairy,Cheese,8.54,48,10/07/2025,717.34,1.19,72.93159999999999,2304,514576.6756,1.4161
Food Basics,Meat,Pork,15.35,51,15/07/2025,1579.56,0.97,235.6225,2601,2495009.7936,0.9409
Food Basics,Dairy,Butter,14.68,79,03/07/2025,324.37,4.53,215.5024,6241,105215.8969,20.5209
Walmart,Dairy,Butter,9.29,40,25/06/2025,736.47,1.26,86.30409999999999,1600,542388.0609,1.5876000000000001
Food Basics,Meat,Chicken,8.32,86,30/06/2025,757.15,1.1,69.22240000000001,7396,573276.1224999999,1.2100000000000002
Costco,Snacks,Chips,6.82,0,19/06/2025,,,46.51240000000001,0,,
Costco,Bakery,Muffin,13.86,4,30/06/2025,,,192.09959999999998,16,,
Food Basics,Bakery,Bagel,10.49,34,18/06/2025,,,110.04010000000001,1156,,
No Frills,Beverages,Tea,9.47,98,30/06/2025,,,89.68090000000001,9604,,
Food Basics,Meat,Fish,5.7,54,28/06/2025,1004.35,0.57,32.49,2916,1008718.9225000001,0.32489999999999997
Walmart,Bakery,Bread,11.5,70,26/06/2025,,,132.25,4900,,
Walmart,Dairy,Butter,7.13,88,09/07/2025,1732.99,0.41,50.8369,7744,3003254.3401,0.16809999999999997
Food Basics,Household,Detergent,16.29,44,19/06/2025,,,265.36409999999995,1936,,
Costco,Fruits,Orange,15.19,0,29/06/2025,909.56,1.67,230.7361,0,827299.3936,2.7889
Food Basics,Meat,Pork,10.81,29,13/07/2025,763.42,1.42,116.85610000000001,841,582810.0963999999,2.0164
Walmart,Fruits,Banana,4.62,6,04/07/2025,766.64,0.6,21.3444,36,587736.8896,0.36
Walmart,Fruits,Banana,15.73,70,23/06/2025,798.81,1.97,247.43290000000002,4900,638097.4160999999,3.8809
Walmart,Beverages,Soda,2.14,2,01/07/2025,,,4.5796,4,,
Costco,Beverages,Water,5.59,71,18/06/2025,,,31.248099999999997,5041,,
Costco,Household,Soap,6.35,79,25/06/2025,,,40.3225,6241,,
Walmart,Vegetables,Carrot,7.74,50,01/07/2025,1118.31,0.69,59.9076,2500,1250617.2560999999,0.4760999999999999
Food Basics,Beverages,Tea,7.48,25,13/07/2025,,,55.95040000000001,625,,
No Frills,Fruits,Grapes,3.34,55,24/06/2025,600.85,0.56,11.1556,3025,361020.72250000003,0.31360000000000005
Costco,Vegetables,Onion,11.23,42,28/06/2025,767.89,1.46,126.11290000000001,1764,589655.0521,2.1315999999999997
Food Basics,Vegetables,Tomato,9.0,15,16/07/2025,1582.08,0.57,81.0,225,2502977.1264,0.32489999999999997
Walmart,Beverages,Water,2.03,79,19/06/2025,,,4.120899999999999,6241,,
No Frills,Meat,Fish,9.86,19,22/06/2025,1057.78,0.93,97.21959999999999,361,1118898.5284,0.8649000000000001
Walmart,Vegetables,Carrot,15.08,100,13/07/2025,1015.28,1.49,227.4064,10000,1030793.4783999999,2.2201
Food Basics,Bakery,Muffin,10.81,62,16/07/2025,,,116.85610000000001,3844,,
Costco,Beverages,Soda,15.43,70,05/07/2025,,,238.0849,4900,,
Food Basics,Bakery,Bread,17.89,13,28/06/2025,,,320.0521,169,,
No Frills,Snacks,Crackers,16.26,85,08/07/2025,,,264.3876000000001,7225,,
Food Basics,Vegetables,Carrot,7.29,80,22/06/2025,1162.04,0.63,53.1441,6400,1350336.9615999998,0.39690000000000003
Costco,Household,Soap,12.76,57,09/07/2025,,,162.8176,3249,,
No Frills,Fruits,Apple,12.47,3,06/07/2025,434.13,2.87,155.50090000000003,9,188468.85689999998,8.2369
Food Basics,Dairy,Butter,1.36,11,22/06/2025,1459.68,0.09,1.8496000000000004,121,2130665.7024000003,0.0081
Walmart,Dairy,Milk,15.38,15,05/07/2025,,,236.54440000000002,225,,
Food Basics,Snacks,Chips,1.05,76,11/07/2025,,,1.1025,5776,,
No Frills,Vegetables,Onion,17.18,35,21/06/2025,1815.47,0.95,295.1524,1225,3295931.3209,0.9025
No Frills,Snacks,Cookies,4.59,12,28/06/2025,,,21.068099999999998,144,,
Walmart,Beverages,Tea,9.44,4,24/06/2025,,,89.11359999999999,16,,
Food Basics,Meat,Chicken,8.78,62,21/06/2025,281.55,3.12,77.0884,3844,79270.40250000001,9.7344
Walmart,Dairy,Butter,9.74,24,26/06/2025,1854.18,0.53,94.86760000000001,576,3437983.4724000003,0.28090000000000004
Walmart,Household,Soap,10.08,36,22/06/2025,,,101.60640000000001,1296,,
No Frills,Vegetables,Onion,6.28,3,24/06/2025,795.68,0.79,39.4384,9,633106.6623999999,0.6241000000000001
No Frills,Snacks,Cookies,4.76,39,02/07/2025,,,22.6576,1521,,
Walmart,Bakery,Bagel,8.73,53,12/07/2025,,,76.2129,2809,,
Costco,Dairy,Butter,3.15,66,09/07/2025,807.8,0.39,9.9225,4356,652540.84,0.1521
Costco,Vegetables,Potato,3.57,22,17/07/2025,305.33,1.17,12.7449,484,93226.4089,1.3688999999999998
Costco,Meat,Fish,1.65,89,29/06/2025,1408.64,0.12,2.7224999999999997,7921,1984266.6496000004,0.0144
Walmart,Meat,Beef,17.55,91,13/07/2025,1018.38,1.72,308.0025,8281,1037097.8244,2.9583999999999997
Costco,Fruits,Orange,13.77,62,30/06/2025,1692.96,0.81,189.6129,3844,2866113.5616,0.6561000000000001
No Frills,Household,Detergent,8.89,93,21/06/2025,,,79.03210000000001,8649,,
Food Basics,Vegetables,Potato,4.66,4,18/06/2025,217.26,2.14,21.715600000000002,16,47201.9076,4.5796
Food Basics,Bakery,Muffin,19.48,67,29/06/2025,,,379.47040000000004,4489,,
Walmart,Dairy,Milk,4.2,79,08/07/2025,,,17.64,6241,,
Costco,Dairy,Milk,4.35,27,16/07/2025,,,18.922499999999996,729,,
Costco,Beverages,Juice,3.15,62,28/06/2025,,,9.9225,3844,,
Walmart,Vegetables,Onion,9.07,56,06/07/2025,476.05,1.91,82.26490000000001,3136,226623.6025,3.6481
Costco,Fruits,Grapes,19.04,64,30/06/2025,413.91,4.6,362.5216,4096,171321.48810000002,21.159999999999997
Costco,Dairy,Yogurt,16.76,7,17/06/2025,,,280.89760000000007,49,,
Costco,Snacks,Chips,7.04,37,26/06/2025,,,49.5616,1369,,
Food Basics,Fruits,Orange,15.91,70,14/07/2025,791.83,2.01,253.12810000000002,4900,626994.7489000001,4.040099999999999
Costco,Household,Toilet Paper,16.07,68,04/07/2025,,,258.24490000000003,4624,,
Food Basics,Household,Tissue,10.23,65,16/07/2025,,,104.6529,4225,,
No Frills,Household,Detergent,3.25,90,13/07/2025,,,10.5625,8100,,
Costco,Bakery,Bagel,5.16,20,06/07/2025,,,26.625600000000002,400,,
Costco,Household,Detergent,16.52,38,08/07/2025,,,272.9104,1444,,
Costco,Dairy,Yogurt,6.07,25,18/06/2025,,,36.8449,625,,
Walmart,Bakery,Muffin,5.84,36,14/07/2025,,,34.105599999999995,1296,,
No Frills,Fruits,Banana,9.73,24,02/07/2025,688.55,1.41,94.67290000000001,576,474101.1024999999,1.9880999999999998
Walmart,Snacks,Chips,4.63,91,02/07/2025,,,21.436899999999998,8281,,
Walmart,Snacks,Chips,19.3,63,26/06/2025,,,372.49,3969,,
Costco,Fruits,Banana,13.34,52,10/07/2025,1739.73,0.77,177.9556,2704,3026660.4729,0.5929
Costco,Meat,Fish,1.76,64,13/07/2025,1472.38,0.12,3.0976,4096,2167902.8644000003,0.0144
Walmart,Household,Detergent,6.42,87,25/06/2025,,,41.2164,7569,,
Costco,Beverages,Tea,14.45,74,09/07/2025,,,208.80249999999998,5476,,
Walmart,Fruits,Apple,3.93,11,07/07/2025,748.17,0.53,15.4449,121,559758.3489,0.28090000000000004
No Frills,Snacks,Nuts,15.97,53,01/07/2025,1509.95,1.06,255.04090000000002,2809,2279949.0025,1.1236000000000002
Costco,Meat,Beef,2.67,95,03/07/2025,323.53,0.83,7.1289,9025,104671.66089999999,0.6889
Costco,Snacks,Nuts,15.24,87,01/07/2025,1356.05,1.12,232.2576,7569,1838871.6024999998,1.2544000000000002
Food Basics,Beverages,Water,11.71,16,07/07/2025,,,137.12410000000003,256,,
Costco,Dairy,Yogurt,3.52,13,14/07/2025,,,12.3904,169,,
Walmart,Meat,Pork,16.83,76,25/06/2025,1010.8,1.67,283.24889999999994,5776,1021716.6399999999,2.7889
Food Basics,Vegetables,Tomato,7.08,10,09/07/2025,539.88,1.31,50.126400000000004,100,291470.4144,1.7161000000000002
Food Basics,Bakery,Muffin,3.45,86,26/06/2025,,,11.902500000000002,7396,,
Walmart,Fruits,Banana,9.12,55,10/07/2025,1742.1,0.52,83.17439999999999,3025,3034912.4099999997,0.27040000000000003
No Frills,Bakery,Bagel,8.02,100,08/07/2025,,,64.32039999999999,10000,,
Walmart,Beverages,Juice,4.99,10,17/07/2025,,,24.900100000000002,100,,
Costco,Meat,Beef,20.0,86,25/06/2025,1897.73,1.05,400.0,7396,3601379.1529,1.1025
Food Basics,Meat,Pork,1.62,2,12/07/2025,1200.18,0.13,2.6244000000000005,4,1440432.0324000001,0.016900000000000002
Walmart,Dairy,Yogurt,2.9,43,19/06/2025,,,8.41,1849,,
Food Basics,Vegetables,Tomato,11.56,78,01/07/2025,1755.92,0.66,133.6336,6084,3083255.0464000003,0.43560000000000004
No Frills,Vegetables,Potato,9.51,15,17/07/2025,1906.84,0.5,90.4401,225,3636038.7855999996,0.25
Costco,Snacks,Cookies,9.41,24,17/07/2025,,,88.5481,576,,
No Frills,Bakery,Muffin,3.68,53,04/07/2025,,,13.5424,2809,,
Food Basics,Fruits,Apple,15.27,28,19/06/2025,820.99,1.86,233.1729,784,674024.5801,3.4596000000000005
No Frills,Household,Soap,18.63,81,21/06/2025,,,347.07689999999997,6561,,
Food Basics,Snacks,Chips,17.71,42,18/06/2025,,,313.64410000000004,1764,,
Walmart,Meat,Chicken,10.61,62,04/07/2025,447.3,2.37,112.57209999999999,3844,200077.29,5.6169
Costco,Vegetables,Onion,11.08,65,23/06/2025,920.03,1.2,122.7664,4225,846455.2008999999,1.44
Costco,Household,Detergent,16.18,1,12/07/2025,,,261.7924,1,,
No Frills,Meat,Chicken,6.13,20,19/06/2025,1156.58,0.53,37.5769,400,1337677.2963999999,0.28090000000000004
Costco,Fruits,Orange,1.1,91,07/07/2025,370.19,0.3,1.2100000000000002,8281,137040.6361,0.09
No Frills,Bakery,Bagel,12.07,68,16/07/2025,,,145.6849,4624,,
Walmart,Bakery,Bagel,13.92,97,23/06/2025,,,193.7664,9409,,
Walmart,Household,Detergent,11.85,55,08/07/2025,,,140.42249999999999,3025,,
Food Basics,Fruits,Apple,15.16,95,26/06/2025,1428.52,1.06,229.8256,9025,2040669.3904,1.1236000000000002
Food Basics,Fruits,Banana,3.03,46,23/06/2025,1558.2,0.19,9.1809,2116,2427987.24,0.0361
Costco,Snacks,Nuts,2.24,24,05/07/2025,1069.51,0.21,5.017600000000001,576,1143851.6401,0.04409999999999999
Food Basics,Beverages,Tea,7.18,76,09/07/2025,,,51.5524,5776,,
Walmart,Snacks,Cookies,15.41,22,08/07/2025,,,237.4681,484,,
No Frills,Snacks,Crackers,13.22,82,09/07/2025,,,174.7684,6724,,
Walmart,Meat,Beef,13.77,46,19/06/2025,1823.78,0.76,189.6129,2116,3326173.4883999997,0.5776
Costco,Bakery,Muffin,19.97,4,29/06/2025,,,398.80089999999996,16,,
Walmart,Household,Toilet Paper,14.66,82,09/07/2025,,,214.9156,6724,,
Food Basics,Household,Toilet Paper,15.18,100,18/06/2025,,,230.4324,10000,,
Costco,Household,Detergent,17.8,16,09/07/2025,,,316.84000000000003,256,,
Food Basics,Dairy,Butter,14.07,20,12/07/2025,1614.68,0.87,197.9649,400,2607191.5024,0.7569
Walmart,Household,Toilet Paper,18.88,98,14/07/2025,,,356.45439999999996,9604,,
Walmart,Snacks,Nuts,15.85,13,13/07/2025,860.37,1.84,251.2225,169,740236.5369000001,3.3856
No Frills,Household,Toilet Paper,11.24,85,02/07/2025,,,126.33760000000001,7225,,
No Frills,Household,Detergent,5.06,45,16/07/2025,,,25.603599999999997,2025,,
Costco,Dairy,Cheese,16.34,74,17/07/2025,1357.29,1.2,266.99559999999997,5476,1842236.1441,1.44
Walmart,Fruits,Banana,4.81,48,06/07/2025,1039.73,0.46,23.136099999999995,2304,1081038.4729,0.2116
Food Basics,Beverages,Juice,12.91,61,05/07/2025,,,166.6681,3721,,
Costco,Snacks,Chips,18.95,61,26/06/2025,,,359.10249999999996,3721,,
Walmart,Meat,Chicken,20.0,78,24/06/2025,635.35,3.15,400.0,6084,403669.62250000006,9.9225
Costco,Household,Soap,4.24,69,09/07/2025,,,17.977600000000002,4761,,
Costco,Bakery,Muffin,16.86,5,03/07/2025,,,284.2596,25,,
No Frills,Vegetables,Onion,6.51,66,26/06/2025,1456.39,0.45,42.3801,4356,2121071.8321,0.2025
Costco,Vegetables,Carrot,11.0,41,08/07/2025,1649.78,0.67,121.0,1681,2721774.0483999997,0.4489000000000001
Food Basics,Vegetables,Carrot,4.16,51,08/07/2025,1884.6,0.22,17.305600000000002,2601,3551717.1599999997,0.0484
Food Basics,Meat,Fish,14.38,11,06/07/2025,1518.77,0.95,206.78440000000003,121,2306662.3129,0.9025
Costco,Snacks,Nuts,10.37,38,17/06/2025,915.64,1.13,107.53689999999999,1444,838396.6096,1.2768999999999997
Walmart,Fruits,Apple,19.54,81,17/06/2025,1907.02,1.02,381.81159999999994,6561,3636725.2804,1.0404
Costco,Household,Tissue,9.22,56,26/06/2025,,,85.00840000000001,3136,,
Food Basics,Fruits,Orange,19.94,81,01/07/2025,1464.96,1.36,397.60360000000003,6561,2146107.8016,1.8496000000000004
Costco,Beverages,Tea,12.88,18,06/07/2025,,,165.89440000000002,324,,
Walmart,Bakery,Bread,12.66,98,04/07/2025,,,160.2756,9604,,
Walmart,Dairy,Butter,15.37,36,15/07/2025,708.17,2.17,236.23689999999996,1296,501504.74889999995,4.7089
Walmart,Household,Tissue,6.49,94,12/07/2025,,,42.1201,8836,,
Walmart,Vegetables,Potato,7.42,70,29/06/2025,1811.85,0.41,55.0564,4900,3282800.4225,0.16809999999999997
Food Basics,Dairy,Cheese,16.38,40,12/07/2025,285.46,5.74,268.3044,1600,81487.41159999999,32.9476
No Frills,Snacks,Crackers,6.7,80,30/06/2025,,,44.89,6400,,
Walmart,Meat,Beef,18.66,48,20/06/2025,499.18,3.74,348.1956,2304,249180.6724,13.987600000000002
Costco,Meat,Fish,15.26,41,05/07/2025,1828.93,0.83,232.86759999999998,1681,3344984.9449,0.6889
Food Basics,Household,Detergent,7.68,21,09/07/2025,,,58.9824,441,,
No Frills,Vegetables,Potato,6.59,96,21/06/2025,1992.26,0.33,43.4281,9216,3969099.9076,0.10890000000000001
Costco,Bakery,Muffin,11.91,78,12/07/2025,,,141.84810000000002,6084,,
Food Basics,Meat,Chicken,8.31,97,22/06/2025,430.86,1.93,69.05610000000001,9409,185640.3396,3.7249
Walmart,Dairy,Butter,8.13,12,02/07/2025,1614.14,0.5,66.09690000000002,144,2605447.9396,0.25
Food Basics,Beverages,Juice,10.46,4,30/06/2025,,,109.41160000000002,16,,
Food Basics,Snacks,Chips,14.59,0,16/07/2025,,,212.8681,0,,
No Frills,Beverages,Water,16.22,9,09/07/2025,,,263.0884,81,,
Walmart,Dairy,Milk,15.0,93,06/07/2025,,,225.0,8649,,
Food Basics,Snacks,Nuts,2.29,81,02/07/2025,1626.36,0.14,5.2441,6561,2645046.8496,0.019600000000000003
Food Basics,Dairy,Cheese,4.94,88,16/07/2025,269.75,1.83,24.403600000000004,7744,72765.0625,3.3489000000000004
Walmart,Bakery,Muffin,15.54,10,27/06/2025,,,241.49159999999998,100,,
No Frills,Household,Tissue,19.69,86,18/06/2025,,,387.69610000000006,7396,,
Walmart,Beverages,Juice,13.66,28,01/07/2025,,,186.5956,784,,
No Frills,Household,Detergent,3.82,11,17/06/2025,,,14.5924,121,,
Food Basics,Fruits,Apple,2.66,8,18/06/2025,1406.54,0.19,7.0756000000000006,64,1978354.7715999999,0.0361
Walmart,Meat,Fish,5.53,13,15/07/2025,374.03,1.48,30.580900000000003,169,139898.4409,2.1904
Food Basics,Meat,Beef,7.98,28,11/07/2025,599.98,1.33,63.680400000000006,784,359976.0004,1.7689000000000001
Walmart,Fruits,Apple,6.7,42,30/06/2025,965.18,0.69,44.89,1764,931572.4323999999,0.4760999999999999
Food Basics,Meat,Beef,2.78,35,28/06/2025,206.55,1.35,7.728399999999999,1225,42662.902500000004,1.8225000000000002
Walmart,Snacks,Crackers,6.2,71,28/06/2025,,,38.440000000000005,5041,,
Food Basics,Beverages,Tea,1.36,74,17/06/2025,,,1.8496000000000004,5476,,
Food Basics,Vegetables,Potato,19.96,67,23/06/2025,1428.88,1.4,398.40160000000003,4489,2041698.0544000003,1.9599999999999997
Walmart,Household,Detergent,19.16,99,27/06/2025,,,367.1056,9801,,
Food Basics,Dairy,Cheese,18.36,38,06/07/2025,1217.92,1.51,337.08959999999996,1444,1483329.1264000002,2.2801
No Frills,Vegetables,Onion,4.97,8,16/07/2025,696.08,0.71,24.700899999999997,64,484527.36640000006,0.5041
Costco,Dairy,Milk,1.95,31,03/07/2025,,,3.8024999999999998,961,,
No Frills,Fruits,Grapes,17.46,42,26/06/2025,434.25,4.02,304.8516,1764,188573.0625,16.160399999999996
Food Basics,Bakery,Croissant,17.2,5,17/06/2025,,,295.84,25,,
Costco,Meat,Fish,6.7,61,12/07/2025,1862.22,0.36,44.89,3721,3467863.3284,0.1296
Walmart,Snacks,Chips,10.82,6,29/06/2025,,,117.0724,36,,
Costco,Fruits,Banana,8.62,64,09/07/2025,652.24,1.32,74.30439999999999,4096,425417.0176,1.7424000000000002
No Frills,Meat,Pork,11.47,52,24/06/2025,1710.42,0.67,131.5609,2704,2925536.5764,0.4489000000000001
Costco,Dairy,Milk,4.48,90,20/06/2025,,,20.070400000000003,8100,,
No Frills,Snacks,Cookies,16.26,85,19/06/2025,,,264.3876000000001,7225,,
Costco,Snacks,Crackers,8.39,45,06/07/2025,,,70.39210000000001,2025,,
No Frills,Bakery,Bread,15.44,59,13/07/2025,,,238.3936,3481,,
No Frills,Meat,Beef,15.31,78,10/07/2025,849.94,1.8,234.39610000000002,6084,722398.0036,3.24
Food Basics,Snacks,Nuts,16.56,72,10/07/2025,1578.73,1.05,274.23359999999997,5184,2492388.4129,1.1025
No Frills,Snacks,Chips,9.37,54,30/06/2025,,,87.79689999999998,2916,,
Food Basics,Meat,Fish,6.97,6,18/06/2025,1124.49,0.62,48.5809,36,1264477.7601,0.3844
Walmart,Bakery,Bread,18.08,46,19/06/2025,,,326.8863999999999,2116,,
Walmart,Household,Toilet Paper,2.98,69,04/07/2025,,,8.8804,4761,,
No Frills,Fruits,Orange,16.39,64,30/06/2025,1572.87,1.04,268.63210000000004,4096,2473920.0368999997,1.0816000000000001
No Frills,Dairy,Cheese,3.84,20,29/06/2025,416.97,0.92,14.7456,400,173863.98090000002,0.8464
Food Basics,Beverages,Water,6.83,98,17/07/2025,,,46.6489,9604,,
Walmart,Dairy,Yogurt,14.99,49,28/06/2025,,,224.70010000000002,2401,,
Costco,Bakery,Muffin,4.18,52,08/07/2025,,,17.472399999999997,2704,,
Food Basics,Bakery,Muffin,4.09,54,09/07/2025,,,16.728099999999998,2916,,
No Frills,Household,Toilet Paper,6.14,29,12/07/2025,,,37.6996,841,,
Food Basics,Household,Detergent,3.8,33,13/07/2025,,,14.44,1089,,
Food Basics,Meat,Pork,17.23,40,26/06/2025,1725.0,1.0,296.8729,1600,2975625.0,1.0
No Frills,Bakery,Croissant,7.08,18,09/07/2025,,,50.126400000000004,324,,
Costco,Snacks,Crackers,10.63,24,25/06/2025,,,112.99690000000001,576,,
Food Basics,Vegetables,Tomato,8.9,4,09/07/2025,1851.14,0.48,79.21000000000001,16,3426719.2996000005,0.2304
No Frills,Dairy,Butter,18.0,40,25/06/2025,1783.36,1.01,324.0,1600,3180372.8895999994,1.0201
Walmart,Beverages,Water,3.7,25,11/07/2025,,,13.690000000000001,625,,
Food Basics,Meat,Fish,12.63,79,26/06/2025,1301.89,0.97,159.51690000000002,6241,1694917.5721000002,0.9409
Costco,Dairy,Butter,12.86,39,02/07/2025,1393.39,0.92,165.37959999999998,1521,1941535.6921000003,0.8464
Food Basics,Meat,Pork,8.53,84,07/07/2025,1494.33,0.57,72.76089999999999,7056,2233022.1489,0.32489999999999997
Costco,Snacks,Crackers,15.33,80,21/06/2025,,,235.0089,6400,,
Costco,Beverages,Water,1.06,28,07/07/2025,,,1.1236000000000002,784,,
Costco,Snacks,Chips,17.96,31,30/06/2025,,,322.56160000000006,961,,
Walmart,Vegetables,Onion,12.0,49,22/06/2025,1708.4,0.7,144.0,2401,2918630.5600000005,0.48999999999999994
Costco,Snacks,Nuts,3.72,48,08/07/2025,1768.35,0.21,13.838400000000002,2304,3127061.7224999997,0.04409999999999999
No Frills,Household,Toilet Paper,10.52,25,30/06/2025,,,110.67039999999999,625,,
Walmart,Snacks,Crackers,11.55,14,26/06/2025,,,133.4025,196,,
No Frills,Snacks,Nuts,13.77,34,17/06/2025,1233.11,1.12,189.6129,1156,1520560.2720999997,1.2544000000000002
Walmart,Dairy,Butter,16.55,9,15/07/2025,373.82,4.43,273.90250000000003,81,139741.39239999998,19.624899999999997
Costco,Fruits,Grapes,5.77,15,10/07/2025,891.69,0.65,33.292899999999996,225,795111.0561,0.42250000000000004
Food Basics,Bakery,Bread,17.22,92,28/06/2025,,,296.5284,8464,,
Food Basics,Vegetables,Onion,7.44,20,15/07/2025,1004.72,0.74,55.35360000000001,400,1009462.2784000001,0.5476
Food Basics,Meat,Pork,12.26,30,16/07/2025,1753.33,0.7,150.3076,900,3074166.0889,0.48999999999999994
Walmart,Snacks,Chips,3.07,38,21/06/2025,,,9.4249,1444,,
Food Basics,Meat,Beef,1.94,10,21/06/2025,465.88,0.42,3.7636,100,217044.1744,0.17639999999999997
Walmart,Beverages,Juice,1.31,80,15/07/2025,,,1.7161000000000002,6400,,
Food Basics,Household,Soap,17.62,96,30/06/2025,,,310.4644,9216,,
No Frills,Beverages,Soda,9.3,57,21/06/2025,,,86.49000000000001,3249,,
Costco,Snacks,Chips,16.5,43,08/07/2025,,,272.25,1849,,
Costco,Beverages,Juice,11.09,9,21/06/2025,,,122.9881,81,,
No Frills,Vegetables,Potato,11.88,30,06/07/2025,452.33,2.63,141.13440000000003,900,204602.4289,6.916899999999999
Costco,Beverages,Water,3.39,100,28/06/2025,,,11.4921,10000,,
Costco,Bakery,Muffin,8.48,78,01/07/2025,,,71.91040000000001,6084,,
Food Basics,Snacks,Chips,2.5,0,06/07/2025,,,6.25,0,,
No Frills,Household,Toilet Paper,7.8,20,03/07/2025,,,60.839999999999996,400,,
Costco,Fruits,Orange,7.12,14,29/06/2025,682.77,1.04,50.6944,196,466174.87289999996,1.0816000000000001
No Frills,Dairy,Milk,16.8,26,15/07/2025,,,282.24,676,,
Walmart,Dairy,Cheese,6.05,15,11/07/2025,585.06,1.03,36.6025,225,342295.20359999995,1.0609
Costco,Fruits,Orange,15.07,20,16/07/2025,1553.57,0.97,227.10490000000001,400,2413579.7449,0.9409
Food Basics,Vegetables,Tomato,5.21,94,01/07/2025,1219.6,0.43,27.144099999999998,8836,1487424.1599999997,0.18489999999999998
Food Basics,Meat,Chicken,4.12,67,12/07/2025,781.51,0.53,16.9744,4489,610757.8801,0.28090000000000004
Walmart,Household,Tissue,11.32,71,24/06/2025,,,128.1424,5041,,
Costco,Meat,Beef,2.1,0,01/07/2025,1931.19,0.11,4.41,0,3729494.8161000004,0.0121
Costco,Meat,Chicken,19.9,77,19/06/2025,383.41,5.19,396.00999999999993,5929,147003.2281,26.936100000000003
Costco,Meat,Fish,16.09,73,29/06/2025,1564.63,1.03,258.8881,5329,2448067.0369,1.0609
Food Basics,Dairy,Butter,5.2,41,16/07/2025,354.57,1.47,27.040000000000003,1681,125719.88489999999,2.1609
Walmart,Beverages,Juice,8.18,38,16/07/2025,,,66.91239999999999,1444,,
Food Basics,Dairy,Yogurt,5.63,28,24/06/2025,,,31.6969,784,,
Food Basics,Vegetables,Potato,2.48,31,05/07/2025,247.09,1.0,6.1504,961,61053.4681,1.0
Walmart,Snacks,Chips,2.8,81,16/07/2025,,,7.839999999999999,6561,,
Food Basics,Snacks,Crackers,9.52,70,22/06/2025,,,90.6304,4900,,
No Frills,Beverages,Water,9.12,9,13/07/2025,,,83.17439999999999,81,,
No Frills,Vegetables,Carrot,1.58,31,04/07/2025,428.95,0.37,2.4964000000000004,961,183998.10249999998,0.1369
Walmart,Fruits,Orange,8.54,78,15/07/2025,799.2,1.07,72.93159999999999,6084,638720.6400000001,1.1449
Food Basics,Household,Toilet Paper,6.63,41,24/06/2025,,,43.9569,1681,,
No Frills,Bakery,Croissant,19.45,100,06/07/2025,,,378.30249999999995,10000,,
Costco,Bakery,Muffin,15.34,98,08/07/2025,,,235.3156,9604,,
No Frills,Beverages,Juice,12.45,58,11/07/2025,,,155.00249999999997,3364,,
Food Basics,Dairy,Cheese,2.92,66,08/07/2025,1039.69,0.28,8.526399999999999,4356,1080955.2961000002,0.07840000000000001
Walmart,Bakery,Bread,11.43,8,22/06/2025,,,130.6449,64,,
Costco,Bakery,Bread,15.96,5,23/06/2025,,,254.72160000000002,25,,
Costco,Snacks,Chips,3.48,20,18/06/2025,,,12.1104,400,,
Walmart,Fruits,Apple,15.13,98,21/06/2025,1643.99,0.92,228.91690000000003,9604,2702703.1201,0.8464
Food Basics,Vegetables,Onion,1.82,66,04/07/2025,465.51,0.39,3.3124000000000002,4356,216699.5601,0.1521
No Frills,Dairy,Cheese,3.39,1,10/07/2025,1591.35,0.21,11.4921,1,2532394.8225,0.04409999999999999
Costco,Fruits,Banana,16.99,64,07/07/2025,262.91,6.46,288.66009999999994,4096,69121.66810000001,41.7316
Costco,Snacks,Crackers,14.52,54,06/07/2025,,,210.8304,2916,,
No Frills,Vegetables,Onion,4.86,88,08/07/2025,248.14,1.96,23.619600000000002,7744,61573.459599999995,3.8415999999999997
Walmart,Dairy,Milk,16.44,89,22/06/2025,,,270.27360000000004,7921,,
Walmart,Meat,Pork,4.46,53,26/06/2025,1217.06,0.37,19.8916,2809,1481235.0436,0.1369
Walmart,Household,Toilet Paper,11.75,39,23/06/2025,,,138.0625,1521,,
Walmart,Dairy,Milk,14.04,75,23/06/2025,,,197.12159999999997,5625,,
Food Basics,Vegetables,Potato,16.75,12,22/06/2025,1068.37,1.57,280.5625,144,1141414.4568999999,2.4649
Costco,Fruits,Banana,16.14,4,17/07/2025,1490.43,1.08,260.49960000000004,16,2221381.5849,1.1664
Costco,Snacks,Cookies,10.01,60,07/07/2025,,,100.20009999999999,3600,,
No Frills,Snacks,Nuts,14.01,28,02/07/2025,832.93,1.68,196.2801,784,693772.3849,2.8223999999999996
Food Basics,Snacks,Chips,9.82,60,22/06/2025,,,96.4324,3600,,
Walmart,Vegetables,Carrot,13.13,82,17/07/2025,1677.29,0.78,172.39690000000002,6724,2813301.7441,0.6084
Walmart,Fruits,Grapes,1.32,29,25/06/2025,1359.46,0.1,1.7424000000000002,841,1848131.4916,0.010000000000000002
Costco,Bakery,Bagel,10.54,87,11/07/2025,,,111.09159999999999,7569,,
Walmart,Fruits,Apple,14.99,93,19/06/2025,246.82,6.07,224.70010000000002,8649,60920.1124,36.8449
Walmart,Snacks,Crackers,11.65,72,28/06/2025,,,135.7225,5184,,
Walmart,Household,Toilet Paper,1.31,50,09/07/2025,,,1.7161000000000002,2500,,
Walmart,Snacks,Nuts,18.29,44,08/07/2025,1047.06,1.75,334.5241,1936,1096334.6435999998,3.0625
Costco,Meat,Fish,14.39,16,28/06/2025,1320.96,1.09,207.0721,256,1744935.3216000001,1.1881000000000002
Food Basics,Fruits,Banana,13.2,24,17/06/2025,711.27,1.86,174.23999999999998,576,505905.0129,3.4596000000000005
Walmart,Snacks,Nuts,12.66,69,17/06/2025,1623.05,0.78,160.2756,4761,2634291.3024999998,0.6084
Costco,Fruits,Banana,14.28,25,10/07/2025,1507.75,0.95,203.9184,625,2273310.0625,0.9025
Food Basics,Meat,Beef,6.64,55,30/06/2025,289.25,2.3,44.0896,3025,83665.5625,5.289999999999999
Food Basics,Snacks,Chips,6.28,31,20/06/2025,,,39.4384,961,,
Food Basics,Household,Detergent,13.75,68,03/07/2025,,,189.0625,4624,,
No Frills,Household,Toilet Paper,14.63,6,20/06/2025,,,214.03690000000003,36,,
Food Basics,Vegetables,Carrot,1.26,52,13/07/2025,1471.32,0.09,1.5876000000000001,2704,2164782.5423999997,0.0081
Costco,Bakery,Muffin,18.78,96,23/06/2025,,,352.68840000000006,9216,,
Costco,Dairy,Yogurt,9.12,0,16/07/2025,,,83.17439999999999,0,,
Costco,Snacks,Chips,14.03,54,08/07/2025,,,196.84089999999998,2916,,
Costco,Household,Toilet Paper,19.07,48,10/07/2025,,,363.6649,2304,,
Food Basics,Household,Toilet Paper,10.89,65,11/07/2025,,,118.59210000000002,4225,,
No Frills,Beverages,Soda,2.09,95,01/07/2025,,,4.368099999999999,9025,,
Food Basics,Meat,Beef,11.62,87,27/06/2025,1295.12,0.9,135.02439999999999,7569,1677335.8143999998,0.81
Food Basics,Household,Soap,7.35,53,25/06/2025,,,54.022499999999994,2809,,
No Frills,Beverages,Tea,5.42,7,10/07/2025,,,29.3764,49,,
Food Basics,Vegetables,Tomato,6.11,24,21/06/2025,852.07,0.72,37.332100000000004,576,726023.2849000001,0.5184
No Frills,Meat,Fish,4.46,82,29/06/2025,1574.1,0.28,19.8916,6724,2477790.8099999996,0.07840000000000001
Costco,Beverages,Tea,17.18,17,02/07/2025,,,295.1524,289,,
Food Basics,Beverages,Soda,5.15,63,05/07/2025,,,26.522500000000004,3969,,
Food Basics,Meat,Fish,3.72,12,08/07/2025,515.75,0.72,13.838400000000002,144,265998.0625,0.5184
Walmart,Fruits,Banana,5.47,30,03/07/2025,798.77,0.68,29.920899999999996,900,638033.5129,0.4624000000000001
Costco,Bakery,Bagel,6.71,89,08/07/2025,,,45.0241,7921,,
Food Basics,Household,Tissue,16.36,88,04/07/2025,,,267.64959999999996,7744,,
Walmart,Beverages,Soda,1.91,23,24/06/2025,,,3.6481,529,,
Food Basics,Fruits,Orange,2.87,43,29/06/2025,1843.22,0.16,8.2369,1849,3397459.9684,0.0256
Food Basics,Dairy,Milk,5.12,18,27/06/2025,,,26.2144,324,,
Walmart,Household,Tissue,2.2,27,09/07/2025,,,4.840000000000001,729,,
No Frills,Beverages,Juice,5.5,89,14/07/2025,,,30.25,7921,,
Costco,Vegetables,Tomato,8.29,57,25/06/2025,763.69,1.09,68.72409999999999,3249,583222.4161,1.1881000000000002
Food Basics,Fruits,Banana,9.54,94,16/07/2025,1784.45,0.53,91.01159999999999,8836,3184261.8025,0.28090000000000004
Food Basics,Dairy,Butter,1.85,100,27/06/2025,665.83,0.28,3.4225000000000003,10000,443329.58890000003,0.07840000000000001
Costco,Beverages,Water,1.85,98,25/06/2025,,,3.4225000000000003,9604,,
Food Basics,Vegetables,Potato,11.01,10,30/06/2025,943.8,1.17,121.2201,100,890758.44,1.3688999999999998
Food Basics,Beverages,Juice,8.96,56,21/06/2025,,,80.28160000000001,3136,,
No Frills,Fruits,Apple,6.76,59,06/07/2025,746.63,0.91,45.697599999999994,3481,557456.3569,0.8281000000000001
Costco,Beverages,Soda,5.62,37,12/07/2025,,,31.584400000000002,1369,,
Food Basics,Household,Tissue,6.08,23,12/07/2025,,,36.9664,529,,
Food Basics,Meat,Beef,7.46,13,11/07/2025,1185.68,0.63,55.6516,169,1405837.0624000002,0.39690000000000003
Costco,Vegetables,Potato,7.29,12,24/06/2025,1603.86,0.45,53.1441,144,2572366.8995999997,0.2025
Walmart,Meat,Pork,10.26,81,21/06/2025,1031.97,0.99,105.2676,6561,1064962.0809,0.9801
Costco,Fruits,Orange,2.77,75,27/06/2025,526.01,0.53,7.6729,5625,276686.52009999997,0.28090000000000004
No Frills,Household,Tissue,7.5,78,08/07/2025,,,56.25,6084,,
Walmart,Household,Soap,10.64,27,25/06/2025,,,113.20960000000001,729,,
Food Basics,Meat,Beef,19.98,24,05/07/2025,438.8,4.55,399.2004,576,192545.44,20.702499999999997
Walmart,Household,Soap,16.4,76,10/07/2025,,,268.96,5776,,
Walmart,Fruits,Grapes,13.31,5,05/07/2025,372.18,3.58,177.1561,25,138517.9524,12.8164
No Frills,Meat,Beef,1.21,79,16/07/2025,1604.03,0.08,1.4641,6241,2572912.2409,0.0064
Food Basics,Beverages,Soda,17.45,94,11/07/2025,,,304.5025,8836,,
Walmart,Bakery,Bread,2.03,32,16/07/2025,,,4.120899999999999,1024,,
Walmart,Fruits,Banana,2.73,20,01/07/2025,1054.41,0.26,7.4529,400,1111780.4481000002,0.06760000000000001
Costco,Household,Toilet Paper,16.05,42,15/07/2025,,,257.6025,1764,,
No Frills,Snacks,Cookies,14.59,49,01/07/2025,,,212.8681,2401,,
Walmart,Beverages,Soda,11.28,18,16/07/2025,,,127.23839999999998,324,,
Costco,Snacks,Crackers,18.52,97,22/06/2025,,,342.99039999999997,9409,,
Food Basics,Meat,Beef,18.57,28,27/06/2025,1280.2,1.45,344.8449,784,1638912.04,2.1025
Food Basics,Meat,Beef,6.48,66,29/06/2025,400.74,1.62,41.99040000000001,4356,160592.54760000002,2.6244000000000005
Walmart,Beverages,Tea,18.74,1,25/06/2025,,,351.1875999999999,1,,
Walmart,Dairy,Milk,4.87,62,28/06/2025,,,23.716900000000003,3844,,
Costco,Meat,Fish,6.1,44,14/07/2025,512.14,1.19,37.209999999999994,1936,262287.3796,1.4161
Food Basics,Beverages,Soda,12.52,100,02/07/2025,,,156.75039999999998,10000,,
Walmart,Meat,Chicken,11.32,99,13/07/2025,1809.26,0.63,128.1424,9801,3273421.7476,0.39690000000000003
Food Basics,Meat,Chicken,1.06,46,25/06/2025,920.06,0.12,1.1236000000000002,2116,846510.4035999998,0.0144
No Frills,Snacks,Chips,17.55,96,26/06/2025,,,308.0025,9216,,
Walmart,Dairy,Cheese,16.58,90,13/07/2025,1275.04,1.3,274.89639999999997,8100,1625727.0015999998,1.6900000000000002
Walmart,Fruits,Grapes,18.8,58,02/07/2025,1887.96,1.0,353.44000000000005,3364,3564392.9616,1.0
Costco,Household,Soap,2.33,9,23/06/2025,,,5.4289000000000005,81,,
Walmart,Beverages,Juice,3.11,81,22/06/2025,,,9.672099999999999,6561,,
Food Basics,Meat,Pork,19.23,86,17/06/2025,225.42,8.53,369.79290000000003,7396,50814.1764,72.76089999999999
Walmart,Fruits,Banana,10.75,41,28/06/2025,766.1,1.4,115.5625,1681,586909.2100000001,1.9599999999999997
Walmart,Fruits,Grapes,12.97,61,20/06/2025,419.6,3.09,168.22090000000003,3721,176064.16000000003,9.5481
No Frills,Beverages,Soda,15.45,89,28/06/2025,,,238.7025,7921,,
Costco,Snacks,Cookies,7.79,57,08/07/2025,,,60.6841,3249,,
No Frills,Fruits,Grapes,7.29,19,06/07/2025,837.32,0.87,53.1441,361,701104.7824000001,0.7569
Costco,Vegetables,Carrot,12.35,51,19/06/2025,1172.29,1.05,152.52249999999998,2601,1374263.8440999999,1.1025
Costco,Meat,Pork,13.01,11,24/06/2025,1516.61,0.86,169.2601,121,2300105.8921,0.7395999999999999
Costco,Dairy,Cheese,7.44,82,23/06/2025,1349.74,0.55,55.35360000000001,6724,1821798.0676,0.30250000000000005
Food Basics,Dairy,Butter,19.87,12,28/06/2025,1970.7,1.01,394.81690000000003,144,3883658.49,1.0201
Costco,Meat,Chicken,6.18,58,03/07/2025,1761.65,0.35,38.1924,3364,3103410.7225,0.12249999999999998
Walmart,Dairy,Milk,10.06,1,01/07/2025,,,101.20360000000001,1,,
Food Basics,Meat,Fish,8.11,88,22/06/2025,1380.25,0.59,65.7721,7744,1905090.0625,0.34809999999999997
Walmart,Dairy,Butter,11.75,97,05/07/2025,735.98,1.6,138.0625,9409,541666.5604000001,2.5600000000000005
No Frills,Vegetables,Potato,11.02,96,28/06/2025,285.27,3.86,121.4404,9216,81378.9729,14.8996
No Frills,Fruits,Apple,4.61,13,04/07/2025,1524.59,0.3,21.252100000000002,169,2324374.6681,0.09
Walmart,Bakery,Croissant,5.07,32,05/07/2025,,,25.704900000000002,1024,,
Food Basics,Meat,Pork,1.63,45,23/06/2025,1042.54,0.16,2.6569,2025,1086889.6516,0.0256
Costco,Household,Soap,14.68,69,14/07/2025,,,215.5024,4761,,
Costco,Vegetables,Carrot,16.1,79,20/06/2025,825.41,1.95,259.21000000000004,6241,681301.6680999999,3.8024999999999998
Walmart,Vegetables,Potato,7.64,53,09/07/2025,371.48,2.06,58.3696,2809,137997.3904,4.2436
Walmart,Meat,Pork,2.04,3,17/06/2025,1624.34,0.13,4.1616,9,2638480.4355999995,0.016900000000000002
Food Basics,Meat,Chicken,10.87,61,20/06/2025,852.77,1.27,118.15689999999998,3721,727216.6729,1.6129
Food Basics,Meat,Beef,10.0,33,16/07/2025,1160.63,0.86,100.0,1089,1347061.9969000001,0.7395999999999999
Walmart,Dairy,Yogurt,19.29,56,18/06/2025,,,372.10409999999996,3136,,
Costco,Beverages,Soda,3.49,19,13/07/2025,,,12.180100000000001,361,,
No Frills,Meat,Pork,14.51,30,01/07/2025,733.51,1.98,210.5401,900,538036.9201,3.9204
Costco,Household,Tissue,5.16,53,11/07/2025,,,26.625600000000002,2809,,
No Frills,Vegetables,Onion,18.67,84,14/07/2025,774.15,2.41,348.56890000000004,7056,599308.2224999999,5.8081000000000005
No Frills,Household,Soap,8.1,36,01/07/2025,,,65.61,1296,,
No Frills,Dairy,Milk,4.88,68,26/06/2025,,,23.8144,4624,,
Costco,Dairy,Milk,2.63,57,27/06/2025,,,6.916899999999999,3249,,
No Frills,Meat,Beef,7.92,31,07/07/2025,1583.12,0.5,62.7264,961,2506268.9343999997,0.25
Walmart,Dairy,Milk,8.04,33,05/07/2025,,,64.64159999999998,1089,,
Food Basics,Fruits,Apple,1.32,93,04/07/2025,1066.6,0.12,1.7424000000000002,8649,1137635.5599999998,0.0144
Costco,Household,Soap,12.38,67,25/06/2025,,,153.26440000000002,4489,,
Food Basics,Vegetables,Tomato,8.59,40,26/06/2025,1251.08,0.69,73.7881,1600,1565201.1663999998,0.4760999999999999
Costco,Bakery,Bread,19.89,83,11/07/2025,,,395.6121,6889,,
Costco,Beverages,Tea,4.83,49,09/07/2025,,,23.3289,2401,,
Walmart,Dairy,Yogurt,12.21,66,22/06/2025,,,149.08410000000003,4356,,
Walmart,Snacks,Chips,2.02,70,09/07/2025,,,4.0804,4900,,
No Frills,Meat,Beef,7.11,33,04/07/2025,1290.63,0.55,50.5521,1089,1665725.7969000002,0.30250000000000005
Walmart,Household,Toilet Paper,19.25,48,21/06/2025,,,370.5625,2304,,
No Frills,Snacks,Nuts,9.99,6,08/07/2025,876.1,1.14,99.8001,36,767551.2100000001,1.2995999999999999
Walmart,Fruits,Grapes,2.15,32,11/07/2025,1213.68,0.18,4.6225,1024,1473019.1424000002,0.0324
Walmart,Bakery,Bagel,6.74,66,02/07/2025,,,45.427600000000005,4356,,
No Frills,Meat,Fish,2.23,19,17/06/2025,1180.76,0.19,4.9729,361,1394194.1776,0.0361
Food Basics,Household,Tissue,11.37,41,03/07/2025,,,129.27689999999998,1681,,
Walmart,Bakery,Bagel,19.09,11,18/06/2025,,,364.4281,121,,
Food Basics,Bakery,Bread,9.47,66,23/06/2025,,,89.68090000000001,4356,,
Walmart,Fruits,Grapes,2.39,16,26/06/2025,612.31,0.39,5.7121,256,374923.5360999999,0.1521
No Frills,Snacks,Cookies,5.41,49,30/06/2025,,,29.2681,2401,,
Walmart,Meat,Beef,18.03,72,12/07/2025,849.27,2.12,325.08090000000004,5184,721259.5329,4.494400000000001
No Frills,Snacks,Chips,13.43,29,25/06/2025,,,180.3649,841,,
Food Basics,Meat,Chicken,12.03,7,04/07/2025,488.9,2.46,144.72089999999997,49,239023.21,6.0516
No Frills,Snacks,Crackers,1.32,61,05/07/2025,,,1.7424000000000002,3721,,
Costco,Household,Tissue,7.57,63,08/07/2025,,,57.3049,3969,,
Costco,Fruits,Apple,6.79,82,04/07/2025,448.36,1.51,46.1041,6724,201026.6896,2.2801
Walmart,Bakery,Bagel,8.59,59,22/06/2025,,,73.7881,3481,,
Food Basics,Beverages,Water,5.99,31,09/07/2025,,,35.880100000000006,961,,
Costco,Beverages,Soda,7.37,81,11/07/2025,,,54.316900000000004,6561,,
Costco,Bakery,Croissant,2.08,71,17/06/2025,,,4.3264000000000005,5041,,
Walmart,Beverages,Soda,17.71,80,17/06/2025,,,313.64410000000004,6400,,
Costco,Household,Detergent,6.2,46,28/06/2025,,,38.440000000000005,2116,,
Food Basics,Fruits,Banana,6.68,56,13/07/2025,1397.62,0.48,44.6224,3136,1953341.6643999997,0.2304
No Frills,Dairy,Cheese,8.05,94,24/06/2025,1232.3,0.65,64.80250000000001,8836,1518563.2899999998,0.42250000000000004
Food Basics,Vegetables,Tomato,13.83,85,16/07/2025,1663.6,0.83,191.2689,7225,2767564.9599999995,0.6889
Costco,Snacks,Crackers,13.96,42,30/06/2025,,,194.88160000000002,1764,,
Costco,Household,Toilet Paper,4.16,100,13/07/2025,,,17.305600000000002,10000,,
